%YAML 1.1
%TAG !u! tag:unity3d.com,2011:
--- !u!64 &1330255808985846776
MeshCollider:
  m_ObjectHideFlags: 0
  m_CorrespondingSourceObject: {fileID: 0}
  m_PrefabInstance: {fileID: 0}
  m_PrefabAsset: {fileID: 0}
  m_GameObject: {fileID: 2614322188190809851}
  m_Material: {fileID: 0}
  m_IsTrigger: 0
  m_Enabled: 1
  serializedVersion: 4
  m_Convex: 1
  m_CookingOptions: 30
  m_Mesh: {fileID: 2951642985655143919, guid: 9b9dfdc8c6447284188d5c2090b77eb4, type: 3}
--- !u!54 &4228533527021355389
Rigidbody:
  m_ObjectHideFlags: 0
  m_CorrespondingSourceObject: {fileID: 0}
  m_PrefabInstance: {fileID: 0}
  m_PrefabAsset: {fileID: 0}
  m_GameObject: {fileID: 2614322188190809851}
  serializedVersion: 2
  m_Mass: 1
  m_Drag: 0
  m_AngularDrag: 0.05
  m_UseGravity: 1
  m_IsKinematic: 1
  m_Interpolate: 0
  m_Constraints: 0
  m_CollisionDetection: 0
--- !u!64 &7818441212312338208
MeshCollider:
  m_ObjectHideFlags: 0
  m_CorrespondingSourceObject: {fileID: 0}
  m_PrefabInstance: {fileID: 0}
  m_PrefabAsset: {fileID: 0}
  m_GameObject: {fileID: 1101178198522922638}
  m_Material: {fileID: 0}
  m_IsTrigger: 0
  m_Enabled: 1
  serializedVersion: 4
  m_Convex: 1
  m_CookingOptions: 30
  m_Mesh: {fileID: -5199115664450851111, guid: 9b9dfdc8c6447284188d5c2090b77eb4, type: 3}
--- !u!54 &1865151219041261710
Rigidbody:
  m_ObjectHideFlags: 0
  m_CorrespondingSourceObject: {fileID: 0}
  m_PrefabInstance: {fileID: 0}
  m_PrefabAsset: {fileID: 0}
  m_GameObject: {fileID: 1101178198522922638}
  serializedVersion: 2
  m_Mass: 1
  m_Drag: 0
  m_AngularDrag: 0.05
  m_UseGravity: 1
  m_IsKinematic: 1
  m_Interpolate: 0
  m_Constraints: 0
  m_CollisionDetection: 0
--- !u!64 &4488051200951297439
MeshCollider:
  m_ObjectHideFlags: 0
  m_CorrespondingSourceObject: {fileID: 0}
  m_PrefabInstance: {fileID: 0}
  m_PrefabAsset: {fileID: 0}
  m_GameObject: {fileID: 206691357853050450}
  m_Material: {fileID: 0}
  m_IsTrigger: 0
  m_Enabled: 1
  serializedVersion: 4
  m_Convex: 1
  m_CookingOptions: 30
  m_Mesh: {fileID: -5518026196256829294, guid: 9b9dfdc8c6447284188d5c2090b77eb4, type: 3}
--- !u!54 &6185689819938114818
Rigidbody:
  m_ObjectHideFlags: 0
  m_CorrespondingSourceObject: {fileID: 0}
  m_PrefabInstance: {fileID: 0}
  m_PrefabAsset: {fileID: 0}
  m_GameObject: {fileID: 206691357853050450}
  serializedVersion: 2
  m_Mass: 1
  m_Drag: 0
  m_AngularDrag: 0.05
  m_UseGravity: 1
  m_IsKinematic: 1
  m_Interpolate: 0
  m_Constraints: 0
  m_CollisionDetection: 0
--- !u!64 &4616082158563856519
MeshCollider:
  m_ObjectHideFlags: 0
  m_CorrespondingSourceObject: {fileID: 0}
  m_PrefabInstance: {fileID: 0}
  m_PrefabAsset: {fileID: 0}
  m_GameObject: {fileID: 5517508199865903825}
  m_Material: {fileID: 0}
  m_IsTrigger: 0
  m_Enabled: 1
  serializedVersion: 4
  m_Convex: 1
  m_CookingOptions: 30
  m_Mesh: {fileID: 396380827122210544, guid: 9b9dfdc8c6447284188d5c2090b77eb4, type: 3}
--- !u!54 &5326262970682550929
Rigidbody:
  m_ObjectHideFlags: 0
  m_CorrespondingSourceObject: {fileID: 0}
  m_PrefabInstance: {fileID: 0}
  m_PrefabAsset: {fileID: 0}
  m_GameObject: {fileID: 5517508199865903825}
  serializedVersion: 2
  m_Mass: 1
  m_Drag: 0
  m_AngularDrag: 0.05
  m_UseGravity: 1
  m_IsKinematic: 1
  m_Interpolate: 0
  m_Constraints: 0
  m_CollisionDetection: 0
--- !u!64 &511437902785607132
MeshCollider:
  m_ObjectHideFlags: 0
  m_CorrespondingSourceObject: {fileID: 0}
  m_PrefabInstance: {fileID: 0}
  m_PrefabAsset: {fileID: 0}
  m_GameObject: {fileID: 3231596938108276124}
  m_Material: {fileID: 0}
  m_IsTrigger: 0
  m_Enabled: 1
  serializedVersion: 4
  m_Convex: 1
  m_CookingOptions: 30
  m_Mesh: {fileID: -1283063360370428180, guid: 9b9dfdc8c6447284188d5c2090b77eb4, type: 3}
--- !u!54 &305492841629936426
Rigidbody:
  m_ObjectHideFlags: 0
  m_CorrespondingSourceObject: {fileID: 0}
  m_PrefabInstance: {fileID: 0}
  m_PrefabAsset: {fileID: 0}
  m_GameObject: {fileID: 3231596938108276124}
  serializedVersion: 2
  m_Mass: 1
  m_Drag: 0
  m_AngularDrag: 0.05
  m_UseGravity: 1
  m_IsKinematic: 1
  m_Interpolate: 0
  m_Constraints: 0
  m_CollisionDetection: 0
--- !u!64 &3633950921467886232
MeshCollider:
  m_ObjectHideFlags: 0
  m_CorrespondingSourceObject: {fileID: 0}
  m_PrefabInstance: {fileID: 0}
  m_PrefabAsset: {fileID: 0}
  m_GameObject: {fileID: 1338551150832516298}
  m_Material: {fileID: 0}
  m_IsTrigger: 0
  m_Enabled: 1
  serializedVersion: 4
  m_Convex: 1
  m_CookingOptions: 30
  m_Mesh: {fileID: -1418902836161372906, guid: 9b9dfdc8c6447284188d5c2090b77eb4, type: 3}
--- !u!54 &7185707110525758061
Rigidbody:
  m_ObjectHideFlags: 0
  m_CorrespondingSourceObject: {fileID: 0}
  m_PrefabInstance: {fileID: 0}
  m_PrefabAsset: {fileID: 0}
  m_GameObject: {fileID: 1338551150832516298}
  serializedVersion: 2
  m_Mass: 1
  m_Drag: 0
  m_AngularDrag: 0.05
  m_UseGravity: 1
  m_IsKinematic: 1
  m_Interpolate: 0
  m_Constraints: 0
  m_CollisionDetection: 0
--- !u!64 &7445869852022579814
MeshCollider:
  m_ObjectHideFlags: 0
  m_CorrespondingSourceObject: {fileID: 0}
  m_PrefabInstance: {fileID: 0}
  m_PrefabAsset: {fileID: 0}
  m_GameObject: {fileID: 2785741346605284006}
  m_Material: {fileID: 0}
  m_IsTrigger: 0
  m_Enabled: 1
  serializedVersion: 4
  m_Convex: 1
  m_CookingOptions: 30
  m_Mesh: {fileID: -3638268419351287132, guid: 9b9dfdc8c6447284188d5c2090b77eb4, type: 3}
--- !u!54 &1193896747304334137
Rigidbody:
  m_ObjectHideFlags: 0
  m_CorrespondingSourceObject: {fileID: 0}
  m_PrefabInstance: {fileID: 0}
  m_PrefabAsset: {fileID: 0}
  m_GameObject: {fileID: 2785741346605284006}
  serializedVersion: 2
  m_Mass: 1
  m_Drag: 0
  m_AngularDrag: 0.05
  m_UseGravity: 1
  m_IsKinematic: 1
  m_Interpolate: 0
  m_Constraints: 0
  m_CollisionDetection: 0
--- !u!64 &7949627802727859296
MeshCollider:
  m_ObjectHideFlags: 0
  m_CorrespondingSourceObject: {fileID: 0}
  m_PrefabInstance: {fileID: 0}
  m_PrefabAsset: {fileID: 0}
  m_GameObject: {fileID: 4552119376551135667}
  m_Material: {fileID: 0}
  m_IsTrigger: 0
  m_Enabled: 1
  serializedVersion: 4
  m_Convex: 1
  m_CookingOptions: 30
  m_Mesh: {fileID: 2805804815477767137, guid: 9b9dfdc8c6447284188d5c2090b77eb4, type: 3}
--- !u!54 &158315190404121047
Rigidbody:
  m_ObjectHideFlags: 0
  m_CorrespondingSourceObject: {fileID: 0}
  m_PrefabInstance: {fileID: 0}
  m_PrefabAsset: {fileID: 0}
  m_GameObject: {fileID: 4552119376551135667}
  serializedVersion: 2
  m_Mass: 1
  m_Drag: 0
  m_AngularDrag: 0.05
  m_UseGravity: 1
  m_IsKinematic: 1
  m_Interpolate: 0
  m_Constraints: 0
  m_CollisionDetection: 0
--- !u!64 &6250561338010279960
MeshCollider:
  m_ObjectHideFlags: 0
  m_CorrespondingSourceObject: {fileID: 0}
  m_PrefabInstance: {fileID: 0}
  m_PrefabAsset: {fileID: 0}
  m_GameObject: {fileID: 4016475059045827177}
  m_Material: {fileID: 0}
  m_IsTrigger: 0
  m_Enabled: 1
  serializedVersion: 4
  m_Convex: 1
  m_CookingOptions: 30
  m_Mesh: {fileID: -8956410148413016705, guid: 9b9dfdc8c6447284188d5c2090b77eb4, type: 3}
--- !u!54 &1716433295741803881
Rigidbody:
  m_ObjectHideFlags: 0
  m_CorrespondingSourceObject: {fileID: 0}
  m_PrefabInstance: {fileID: 0}
  m_PrefabAsset: {fileID: 0}
  m_GameObject: {fileID: 4016475059045827177}
  serializedVersion: 2
  m_Mass: 1
  m_Drag: 0
  m_AngularDrag: 0.05
  m_UseGravity: 1
  m_IsKinematic: 1
  m_Interpolate: 0
  m_Constraints: 0
  m_CollisionDetection: 0
--- !u!64 &3202038463921155313
MeshCollider:
  m_ObjectHideFlags: 0
  m_CorrespondingSourceObject: {fileID: 0}
  m_PrefabInstance: {fileID: 0}
  m_PrefabAsset: {fileID: 0}
  m_GameObject: {fileID: 760741926843382722}
  m_Material: {fileID: 0}
  m_IsTrigger: 0
  m_Enabled: 1
  serializedVersion: 4
  m_Convex: 1
  m_CookingOptions: 30
  m_Mesh: {fileID: 5650519937004738947, guid: 9b9dfdc8c6447284188d5c2090b77eb4, type: 3}
--- !u!54 &1699631669685610225
Rigidbody:
  m_ObjectHideFlags: 0
  m_CorrespondingSourceObject: {fileID: 0}
  m_PrefabInstance: {fileID: 0}
  m_PrefabAsset: {fileID: 0}
  m_GameObject: {fileID: 760741926843382722}
  serializedVersion: 2
  m_Mass: 1
  m_Drag: 0
  m_AngularDrag: 0.05
  m_UseGravity: 1
  m_IsKinematic: 1
  m_Interpolate: 0
  m_Constraints: 0
  m_CollisionDetection: 0
--- !u!64 &8343402280565476679
MeshCollider:
  m_ObjectHideFlags: 0
  m_CorrespondingSourceObject: {fileID: 0}
  m_PrefabInstance: {fileID: 0}
  m_PrefabAsset: {fileID: 0}
  m_GameObject: {fileID: 1477313237340369096}
  m_Material: {fileID: 0}
  m_IsTrigger: 0
  m_Enabled: 1
  serializedVersion: 4
  m_Convex: 1
  m_CookingOptions: 30
  m_Mesh: {fileID: -7709469606931970513, guid: 9b9dfdc8c6447284188d5c2090b77eb4, type: 3}
--- !u!54 &1879767843062878649
Rigidbody:
  m_ObjectHideFlags: 0
  m_CorrespondingSourceObject: {fileID: 0}
  m_PrefabInstance: {fileID: 0}
  m_PrefabAsset: {fileID: 0}
  m_GameObject: {fileID: 1477313237340369096}
  serializedVersion: 2
  m_Mass: 1
  m_Drag: 0
  m_AngularDrag: 0.05
  m_UseGravity: 1
  m_IsKinematic: 1
  m_Interpolate: 0
  m_Constraints: 0
  m_CollisionDetection: 0
--- !u!64 &8016938727254195158
MeshCollider:
  m_ObjectHideFlags: 0
  m_CorrespondingSourceObject: {fileID: 0}
  m_PrefabInstance: {fileID: 0}
  m_PrefabAsset: {fileID: 0}
  m_GameObject: {fileID: 7006786041693302298}
  m_Material: {fileID: 0}
  m_IsTrigger: 0
  m_Enabled: 1
  serializedVersion: 4
  m_Convex: 1
  m_CookingOptions: 30
  m_Mesh: {fileID: 6983610504404697810, guid: 9b9dfdc8c6447284188d5c2090b77eb4, type: 3}
--- !u!54 &2884481160704170549
Rigidbody:
  m_ObjectHideFlags: 0
  m_CorrespondingSourceObject: {fileID: 0}
  m_PrefabInstance: {fileID: 0}
  m_PrefabAsset: {fileID: 0}
  m_GameObject: {fileID: 7006786041693302298}
  serializedVersion: 2
  m_Mass: 1
  m_Drag: 0
  m_AngularDrag: 0.05
  m_UseGravity: 1
  m_IsKinematic: 1
  m_Interpolate: 0
  m_Constraints: 0
  m_CollisionDetection: 0
--- !u!64 &2391352957670544736
MeshCollider:
  m_ObjectHideFlags: 0
  m_CorrespondingSourceObject: {fileID: 0}
  m_PrefabInstance: {fileID: 0}
  m_PrefabAsset: {fileID: 0}
  m_GameObject: {fileID: 3059743656208382431}
  m_Material: {fileID: 0}
  m_IsTrigger: 0
  m_Enabled: 1
  serializedVersion: 4
  m_Convex: 1
  m_CookingOptions: 30
  m_Mesh: {fileID: -2800085014698285191, guid: 9b9dfdc8c6447284188d5c2090b77eb4, type: 3}
--- !u!54 &4861828146285826328
Rigidbody:
  m_ObjectHideFlags: 0
  m_CorrespondingSourceObject: {fileID: 0}
  m_PrefabInstance: {fileID: 0}
  m_PrefabAsset: {fileID: 0}
  m_GameObject: {fileID: 3059743656208382431}
  serializedVersion: 2
  m_Mass: 1
  m_Drag: 0
  m_AngularDrag: 0.05
  m_UseGravity: 1
  m_IsKinematic: 1
  m_Interpolate: 0
  m_Constraints: 0
  m_CollisionDetection: 0
--- !u!64 &9041739870980923163
MeshCollider:
  m_ObjectHideFlags: 0
  m_CorrespondingSourceObject: {fileID: 0}
  m_PrefabInstance: {fileID: 0}
  m_PrefabAsset: {fileID: 0}
  m_GameObject: {fileID: 7508345212588194230}
  m_Material: {fileID: 0}
  m_IsTrigger: 0
  m_Enabled: 1
  serializedVersion: 4
  m_Convex: 1
  m_CookingOptions: 30
  m_Mesh: {fileID: 9219309914011067619, guid: 9b9dfdc8c6447284188d5c2090b77eb4, type: 3}
--- !u!54 &8053812637124012829
Rigidbody:
  m_ObjectHideFlags: 0
  m_CorrespondingSourceObject: {fileID: 0}
  m_PrefabInstance: {fileID: 0}
  m_PrefabAsset: {fileID: 0}
  m_GameObject: {fileID: 7508345212588194230}
  serializedVersion: 2
  m_Mass: 1
  m_Drag: 0
  m_AngularDrag: 0.05
  m_UseGravity: 1
  m_IsKinematic: 1
  m_Interpolate: 0
  m_Constraints: 0
  m_CollisionDetection: 0
--- !u!64 &266378993521978402
MeshCollider:
  m_ObjectHideFlags: 0
  m_CorrespondingSourceObject: {fileID: 0}
  m_PrefabInstance: {fileID: 0}
  m_PrefabAsset: {fileID: 0}
  m_GameObject: {fileID: 6393341530709594523}
  m_Material: {fileID: 0}
  m_IsTrigger: 0
  m_Enabled: 1
  serializedVersion: 4
  m_Convex: 1
  m_CookingOptions: 30
  m_Mesh: {fileID: 1968099295032047489, guid: 9b9dfdc8c6447284188d5c2090b77eb4, type: 3}
--- !u!54 &5481906441718952577
Rigidbody:
  m_ObjectHideFlags: 0
  m_CorrespondingSourceObject: {fileID: 0}
  m_PrefabInstance: {fileID: 0}
  m_PrefabAsset: {fileID: 0}
  m_GameObject: {fileID: 6393341530709594523}
  serializedVersion: 2
  m_Mass: 1
  m_Drag: 0
  m_AngularDrag: 0.05
  m_UseGravity: 1
  m_IsKinematic: 1
  m_Interpolate: 0
  m_Constraints: 0
  m_CollisionDetection: 0
--- !u!64 &6288190585021276979
MeshCollider:
  m_ObjectHideFlags: 0
  m_CorrespondingSourceObject: {fileID: 0}
  m_PrefabInstance: {fileID: 0}
  m_PrefabAsset: {fileID: 0}
  m_GameObject: {fileID: 6987711831529079944}
  m_Material: {fileID: 0}
  m_IsTrigger: 0
  m_Enabled: 1
  serializedVersion: 4
  m_Convex: 1
  m_CookingOptions: 30
  m_Mesh: {fileID: -8130298164568195323, guid: 9b9dfdc8c6447284188d5c2090b77eb4, type: 3}
--- !u!54 &378953446695250805
Rigidbody:
  m_ObjectHideFlags: 0
  m_CorrespondingSourceObject: {fileID: 0}
  m_PrefabInstance: {fileID: 0}
  m_PrefabAsset: {fileID: 0}
  m_GameObject: {fileID: 6987711831529079944}
  serializedVersion: 2
  m_Mass: 1
  m_Drag: 0
  m_AngularDrag: 0.05
  m_UseGravity: 1
  m_IsKinematic: 1
  m_Interpolate: 0
  m_Constraints: 0
  m_CollisionDetection: 0
--- !u!64 &2178720126875392294
MeshCollider:
  m_ObjectHideFlags: 0
  m_CorrespondingSourceObject: {fileID: 0}
  m_PrefabInstance: {fileID: 0}
  m_PrefabAsset: {fileID: 0}
  m_GameObject: {fileID: 1364190977351474458}
  m_Material: {fileID: 0}
  m_IsTrigger: 0
  m_Enabled: 1
  serializedVersion: 4
  m_Convex: 1
  m_CookingOptions: 30
  m_Mesh: {fileID: -911988678122577968, guid: 9b9dfdc8c6447284188d5c2090b77eb4, type: 3}
--- !u!54 &7832451400475741804
Rigidbody:
  m_ObjectHideFlags: 0
  m_CorrespondingSourceObject: {fileID: 0}
  m_PrefabInstance: {fileID: 0}
  m_PrefabAsset: {fileID: 0}
  m_GameObject: {fileID: 1364190977351474458}
  serializedVersion: 2
  m_Mass: 1
  m_Drag: 0
  m_AngularDrag: 0.05
  m_UseGravity: 1
  m_IsKinematic: 1
  m_Interpolate: 0
  m_Constraints: 0
  m_CollisionDetection: 0
--- !u!64 &715449640355335770
MeshCollider:
  m_ObjectHideFlags: 0
  m_CorrespondingSourceObject: {fileID: 0}
  m_PrefabInstance: {fileID: 0}
  m_PrefabAsset: {fileID: 0}
  m_GameObject: {fileID: 736225606662912295}
  m_Material: {fileID: 0}
  m_IsTrigger: 0
  m_Enabled: 1
  serializedVersion: 4
  m_Convex: 1
  m_CookingOptions: 30
  m_Mesh: {fileID: -1248988050841295853, guid: 9b9dfdc8c6447284188d5c2090b77eb4, type: 3}
--- !u!54 &4317414662296722877
Rigidbody:
  m_ObjectHideFlags: 0
  m_CorrespondingSourceObject: {fileID: 0}
  m_PrefabInstance: {fileID: 0}
  m_PrefabAsset: {fileID: 0}
  m_GameObject: {fileID: 736225606662912295}
  serializedVersion: 2
  m_Mass: 1
  m_Drag: 0
  m_AngularDrag: 0.05
  m_UseGravity: 1
  m_IsKinematic: 1
  m_Interpolate: 0
  m_Constraints: 0
  m_CollisionDetection: 0
--- !u!64 &6450671257493986144
MeshCollider:
  m_ObjectHideFlags: 0
  m_CorrespondingSourceObject: {fileID: 0}
  m_PrefabInstance: {fileID: 0}
  m_PrefabAsset: {fileID: 0}
  m_GameObject: {fileID: 6224013999027878459}
  m_Material: {fileID: 0}
  m_IsTrigger: 0
  m_Enabled: 1
  serializedVersion: 4
  m_Convex: 1
  m_CookingOptions: 30
  m_Mesh: {fileID: 4514693248021754578, guid: 9b9dfdc8c6447284188d5c2090b77eb4, type: 3}
--- !u!54 &1048065494324109786
Rigidbody:
  m_ObjectHideFlags: 0
  m_CorrespondingSourceObject: {fileID: 0}
  m_PrefabInstance: {fileID: 0}
  m_PrefabAsset: {fileID: 0}
  m_GameObject: {fileID: 6224013999027878459}
  serializedVersion: 2
  m_Mass: 1
  m_Drag: 0
  m_AngularDrag: 0.05
  m_UseGravity: 1
  m_IsKinematic: 1
  m_Interpolate: 0
  m_Constraints: 0
  m_CollisionDetection: 0
--- !u!64 &5829110495941845819
MeshCollider:
  m_ObjectHideFlags: 0
  m_CorrespondingSourceObject: {fileID: 0}
  m_PrefabInstance: {fileID: 0}
  m_PrefabAsset: {fileID: 0}
  m_GameObject: {fileID: 1360176357571944609}
  m_Material: {fileID: 0}
  m_IsTrigger: 0
  m_Enabled: 1
  serializedVersion: 4
  m_Convex: 1
  m_CookingOptions: 30
  m_Mesh: {fileID: -8244276343792138020, guid: 9b9dfdc8c6447284188d5c2090b77eb4, type: 3}
--- !u!54 &7355306424248067984
Rigidbody:
  m_ObjectHideFlags: 0
  m_CorrespondingSourceObject: {fileID: 0}
  m_PrefabInstance: {fileID: 0}
  m_PrefabAsset: {fileID: 0}
  m_GameObject: {fileID: 1360176357571944609}
  serializedVersion: 2
  m_Mass: 1
  m_Drag: 0
  m_AngularDrag: 0.05
  m_UseGravity: 1
  m_IsKinematic: 1
  m_Interpolate: 0
  m_Constraints: 0
  m_CollisionDetection: 0
--- !u!64 &9124296878681011199
MeshCollider:
  m_ObjectHideFlags: 0
  m_CorrespondingSourceObject: {fileID: 0}
  m_PrefabInstance: {fileID: 0}
  m_PrefabAsset: {fileID: 0}
  m_GameObject: {fileID: 1439285338944656105}
  m_Material: {fileID: 0}
  m_IsTrigger: 0
  m_Enabled: 1
  serializedVersion: 4
  m_Convex: 1
  m_CookingOptions: 30
  m_Mesh: {fileID: 8546868607038547765, guid: 9b9dfdc8c6447284188d5c2090b77eb4, type: 3}
--- !u!54 &6553372554606601652
Rigidbody:
  m_ObjectHideFlags: 0
  m_CorrespondingSourceObject: {fileID: 0}
  m_PrefabInstance: {fileID: 0}
  m_PrefabAsset: {fileID: 0}
  m_GameObject: {fileID: 1439285338944656105}
  serializedVersion: 2
  m_Mass: 1
  m_Drag: 0
  m_AngularDrag: 0.05
  m_UseGravity: 1
  m_IsKinematic: 1
  m_Interpolate: 0
  m_Constraints: 0
  m_CollisionDetection: 0
--- !u!64 &62237337131492392
MeshCollider:
  m_ObjectHideFlags: 0
  m_CorrespondingSourceObject: {fileID: 0}
  m_PrefabInstance: {fileID: 0}
  m_PrefabAsset: {fileID: 0}
  m_GameObject: {fileID: 7737863720874576736}
  m_Material: {fileID: 0}
  m_IsTrigger: 0
  m_Enabled: 1
  serializedVersion: 4
  m_Convex: 1
  m_CookingOptions: 30
  m_Mesh: {fileID: -7991959500504129693, guid: 9b9dfdc8c6447284188d5c2090b77eb4, type: 3}
--- !u!54 &813879893710413035
Rigidbody:
  m_ObjectHideFlags: 0
  m_CorrespondingSourceObject: {fileID: 0}
  m_PrefabInstance: {fileID: 0}
  m_PrefabAsset: {fileID: 0}
  m_GameObject: {fileID: 7737863720874576736}
  serializedVersion: 2
  m_Mass: 1
  m_Drag: 0
  m_AngularDrag: 0.05
  m_UseGravity: 1
  m_IsKinematic: 1
  m_Interpolate: 0
  m_Constraints: 0
  m_CollisionDetection: 0
--- !u!64 &7647130885830358030
MeshCollider:
  m_ObjectHideFlags: 0
  m_CorrespondingSourceObject: {fileID: 0}
  m_PrefabInstance: {fileID: 0}
  m_PrefabAsset: {fileID: 0}
  m_GameObject: {fileID: 8390896732762415642}
  m_Material: {fileID: 0}
  m_IsTrigger: 0
  m_Enabled: 1
  serializedVersion: 4
  m_Convex: 1
  m_CookingOptions: 30
  m_Mesh: {fileID: 8254880631230295801, guid: 9b9dfdc8c6447284188d5c2090b77eb4, type: 3}
--- !u!54 &1195230182052106041
Rigidbody:
  m_ObjectHideFlags: 0
  m_CorrespondingSourceObject: {fileID: 0}
  m_PrefabInstance: {fileID: 0}
  m_PrefabAsset: {fileID: 0}
  m_GameObject: {fileID: 8390896732762415642}
  serializedVersion: 2
  m_Mass: 1
  m_Drag: 0
  m_AngularDrag: 0.05
  m_UseGravity: 1
  m_IsKinematic: 1
  m_Interpolate: 0
  m_Constraints: 0
  m_CollisionDetection: 0
--- !u!64 &8090740230515009820
MeshCollider:
  m_ObjectHideFlags: 0
  m_CorrespondingSourceObject: {fileID: 0}
  m_PrefabInstance: {fileID: 0}
  m_PrefabAsset: {fileID: 0}
  m_GameObject: {fileID: 4753751238422568502}
  m_Material: {fileID: 0}
  m_IsTrigger: 0
  m_Enabled: 1
  serializedVersion: 4
  m_Convex: 1
  m_CookingOptions: 30
  m_Mesh: {fileID: -4739956455664640943, guid: 9b9dfdc8c6447284188d5c2090b77eb4, type: 3}
--- !u!54 &2524193710954683600
Rigidbody:
  m_ObjectHideFlags: 0
  m_CorrespondingSourceObject: {fileID: 0}
  m_PrefabInstance: {fileID: 0}
  m_PrefabAsset: {fileID: 0}
  m_GameObject: {fileID: 4753751238422568502}
  serializedVersion: 2
  m_Mass: 1
  m_Drag: 0
  m_AngularDrag: 0.05
  m_UseGravity: 1
  m_IsKinematic: 1
  m_Interpolate: 0
  m_Constraints: 0
  m_CollisionDetection: 0
--- !u!64 &6730804283540233133
MeshCollider:
  m_ObjectHideFlags: 0
  m_CorrespondingSourceObject: {fileID: 0}
  m_PrefabInstance: {fileID: 0}
  m_PrefabAsset: {fileID: 0}
  m_GameObject: {fileID: 8873695194507463526}
  m_Material: {fileID: 0}
  m_IsTrigger: 0
  m_Enabled: 1
  serializedVersion: 4
  m_Convex: 1
  m_CookingOptions: 30
  m_Mesh: {fileID: 6173858703160386078, guid: 9b9dfdc8c6447284188d5c2090b77eb4, type: 3}
--- !u!54 &4280919993468429740
Rigidbody:
  m_ObjectHideFlags: 0
  m_CorrespondingSourceObject: {fileID: 0}
  m_PrefabInstance: {fileID: 0}
  m_PrefabAsset: {fileID: 0}
  m_GameObject: {fileID: 8873695194507463526}
  serializedVersion: 2
  m_Mass: 1
  m_Drag: 0
  m_AngularDrag: 0.05
  m_UseGravity: 1
  m_IsKinematic: 1
  m_Interpolate: 0
  m_Constraints: 0
  m_CollisionDetection: 0
--- !u!64 &1948401805639251809
MeshCollider:
  m_ObjectHideFlags: 0
  m_CorrespondingSourceObject: {fileID: 0}
  m_PrefabInstance: {fileID: 0}
  m_PrefabAsset: {fileID: 0}
  m_GameObject: {fileID: 6403383602088974125}
  m_Material: {fileID: 0}
  m_IsTrigger: 0
  m_Enabled: 1
  serializedVersion: 4
  m_Convex: 1
  m_CookingOptions: 30
  m_Mesh: {fileID: -133226218491906740, guid: 9b9dfdc8c6447284188d5c2090b77eb4, type: 3}
--- !u!54 &8998075494697070351
Rigidbody:
  m_ObjectHideFlags: 0
  m_CorrespondingSourceObject: {fileID: 0}
  m_PrefabInstance: {fileID: 0}
  m_PrefabAsset: {fileID: 0}
  m_GameObject: {fileID: 6403383602088974125}
  serializedVersion: 2
  m_Mass: 1
  m_Drag: 0
  m_AngularDrag: 0.05
  m_UseGravity: 1
  m_IsKinematic: 1
  m_Interpolate: 0
  m_Constraints: 0
  m_CollisionDetection: 0
--- !u!64 &6393390247748757127
MeshCollider:
  m_ObjectHideFlags: 0
  m_CorrespondingSourceObject: {fileID: 0}
  m_PrefabInstance: {fileID: 0}
  m_PrefabAsset: {fileID: 0}
  m_GameObject: {fileID: 8372766938691637866}
  m_Material: {fileID: 0}
  m_IsTrigger: 0
  m_Enabled: 1
  serializedVersion: 4
  m_Convex: 1
  m_CookingOptions: 30
  m_Mesh: {fileID: -8326889272071144945, guid: 9b9dfdc8c6447284188d5c2090b77eb4, type: 3}
--- !u!54 &284566215392662673
Rigidbody:
  m_ObjectHideFlags: 0
  m_CorrespondingSourceObject: {fileID: 0}
  m_PrefabInstance: {fileID: 0}
  m_PrefabAsset: {fileID: 0}
  m_GameObject: {fileID: 8372766938691637866}
  serializedVersion: 2
  m_Mass: 1
  m_Drag: 0
  m_AngularDrag: 0.05
  m_UseGravity: 1
  m_IsKinematic: 1
  m_Interpolate: 0
  m_Constraints: 0
  m_CollisionDetection: 0
--- !u!64 &14823051314512163
MeshCollider:
  m_ObjectHideFlags: 0
  m_CorrespondingSourceObject: {fileID: 0}
  m_PrefabInstance: {fileID: 0}
  m_PrefabAsset: {fileID: 0}
  m_GameObject: {fileID: 1048953698745973785}
  m_Material: {fileID: 0}
  m_IsTrigger: 0
  m_Enabled: 1
  serializedVersion: 4
  m_Convex: 1
  m_CookingOptions: 30
  m_Mesh: {fileID: 7791267028200559139, guid: 9b9dfdc8c6447284188d5c2090b77eb4, type: 3}
--- !u!54 &12307477414715165
Rigidbody:
  m_ObjectHideFlags: 0
  m_CorrespondingSourceObject: {fileID: 0}
  m_PrefabInstance: {fileID: 0}
  m_PrefabAsset: {fileID: 0}
  m_GameObject: {fileID: 1048953698745973785}
  serializedVersion: 2
  m_Mass: 1
  m_Drag: 0
  m_AngularDrag: 0.05
  m_UseGravity: 1
  m_IsKinematic: 1
  m_Interpolate: 0
  m_Constraints: 0
  m_CollisionDetection: 0
--- !u!64 &5096022283718589289
MeshCollider:
  m_ObjectHideFlags: 0
  m_CorrespondingSourceObject: {fileID: 0}
  m_PrefabInstance: {fileID: 0}
  m_PrefabAsset: {fileID: 0}
  m_GameObject: {fileID: 7938865866774256150}
  m_Material: {fileID: 0}
  m_IsTrigger: 0
  m_Enabled: 1
  serializedVersion: 4
  m_Convex: 1
  m_CookingOptions: 30
  m_Mesh: {fileID: -8877415223222740487, guid: 9b9dfdc8c6447284188d5c2090b77eb4, type: 3}
--- !u!54 &4161186955906939680
Rigidbody:
  m_ObjectHideFlags: 0
  m_CorrespondingSourceObject: {fileID: 0}
  m_PrefabInstance: {fileID: 0}
  m_PrefabAsset: {fileID: 0}
  m_GameObject: {fileID: 7938865866774256150}
  serializedVersion: 2
  m_Mass: 1
  m_Drag: 0
  m_AngularDrag: 0.05
  m_UseGravity: 1
  m_IsKinematic: 1
  m_Interpolate: 0
  m_Constraints: 0
  m_CollisionDetection: 0
--- !u!64 &5567563131578909145
MeshCollider:
  m_ObjectHideFlags: 0
  m_CorrespondingSourceObject: {fileID: 0}
  m_PrefabInstance: {fileID: 0}
  m_PrefabAsset: {fileID: 0}
  m_GameObject: {fileID: 4404851099769737101}
  m_Material: {fileID: 0}
  m_IsTrigger: 0
  m_Enabled: 1
  serializedVersion: 4
  m_Convex: 1
  m_CookingOptions: 30
  m_Mesh: {fileID: 6767875507453171338, guid: 9b9dfdc8c6447284188d5c2090b77eb4, type: 3}
--- !u!54 &5162053741044900904
Rigidbody:
  m_ObjectHideFlags: 0
  m_CorrespondingSourceObject: {fileID: 0}
  m_PrefabInstance: {fileID: 0}
  m_PrefabAsset: {fileID: 0}
  m_GameObject: {fileID: 4404851099769737101}
  serializedVersion: 2
  m_Mass: 1
  m_Drag: 0
  m_AngularDrag: 0.05
  m_UseGravity: 1
  m_IsKinematic: 1
  m_Interpolate: 0
  m_Constraints: 0
  m_CollisionDetection: 0
--- !u!64 &5209926862851501177
MeshCollider:
  m_ObjectHideFlags: 0
  m_CorrespondingSourceObject: {fileID: 0}
  m_PrefabInstance: {fileID: 0}
  m_PrefabAsset: {fileID: 0}
  m_GameObject: {fileID: 2547587439224961459}
  m_Material: {fileID: 0}
  m_IsTrigger: 0
  m_Enabled: 1
  serializedVersion: 4
  m_Convex: 1
  m_CookingOptions: 30
  m_Mesh: {fileID: -636165166656863188, guid: 9b9dfdc8c6447284188d5c2090b77eb4, type: 3}
--- !u!54 &224551381514253413
Rigidbody:
  m_ObjectHideFlags: 0
  m_CorrespondingSourceObject: {fileID: 0}
  m_PrefabInstance: {fileID: 0}
  m_PrefabAsset: {fileID: 0}
  m_GameObject: {fileID: 2547587439224961459}
  serializedVersion: 2
  m_Mass: 1
  m_Drag: 0
  m_AngularDrag: 0.05
  m_UseGravity: 1
  m_IsKinematic: 1
  m_Interpolate: 0
  m_Constraints: 0
  m_CollisionDetection: 0
--- !u!64 &1374663291482278469
MeshCollider:
  m_ObjectHideFlags: 0
  m_CorrespondingSourceObject: {fileID: 0}
  m_PrefabInstance: {fileID: 0}
  m_PrefabAsset: {fileID: 0}
  m_GameObject: {fileID: 4477970127347057625}
  m_Material: {fileID: 0}
  m_IsTrigger: 0
  m_Enabled: 1
  serializedVersion: 4
  m_Convex: 1
  m_CookingOptions: 30
  m_Mesh: {fileID: -6125521570876316414, guid: 9b9dfdc8c6447284188d5c2090b77eb4, type: 3}
--- !u!54 &1963779759875701144
Rigidbody:
  m_ObjectHideFlags: 0
  m_CorrespondingSourceObject: {fileID: 0}
  m_PrefabInstance: {fileID: 0}
  m_PrefabAsset: {fileID: 0}
  m_GameObject: {fileID: 4477970127347057625}
  serializedVersion: 2
  m_Mass: 1
  m_Drag: 0
  m_AngularDrag: 0.05
  m_UseGravity: 1
  m_IsKinematic: 1
  m_Interpolate: 0
  m_Constraints: 0
  m_CollisionDetection: 0
--- !u!64 &8189649642615572134
MeshCollider:
  m_ObjectHideFlags: 0
  m_CorrespondingSourceObject: {fileID: 0}
  m_PrefabInstance: {fileID: 0}
  m_PrefabAsset: {fileID: 0}
  m_GameObject: {fileID: 4646869771600244055}
  m_Material: {fileID: 0}
  m_IsTrigger: 0
  m_Enabled: 1
  serializedVersion: 4
  m_Convex: 1
  m_CookingOptions: 30
  m_Mesh: {fileID: 2338868211667731590, guid: 9b9dfdc8c6447284188d5c2090b77eb4, type: 3}
--- !u!54 &695201376750961581
Rigidbody:
  m_ObjectHideFlags: 0
  m_CorrespondingSourceObject: {fileID: 0}
  m_PrefabInstance: {fileID: 0}
  m_PrefabAsset: {fileID: 0}
  m_GameObject: {fileID: 4646869771600244055}
  serializedVersion: 2
  m_Mass: 1
  m_Drag: 0
  m_AngularDrag: 0.05
  m_UseGravity: 1
  m_IsKinematic: 1
  m_Interpolate: 0
  m_Constraints: 0
  m_CollisionDetection: 0
--- !u!64 &5629535926906501837
MeshCollider:
  m_ObjectHideFlags: 0
  m_CorrespondingSourceObject: {fileID: 0}
  m_PrefabInstance: {fileID: 0}
  m_PrefabAsset: {fileID: 0}
  m_GameObject: {fileID: 378638502487186046}
  m_Material: {fileID: 0}
  m_IsTrigger: 0
  m_Enabled: 1
  serializedVersion: 4
  m_Convex: 1
  m_CookingOptions: 30
  m_Mesh: {fileID: 5448687135889050176, guid: 9b9dfdc8c6447284188d5c2090b77eb4, type: 3}
--- !u!54 &8233358148435816851
Rigidbody:
  m_ObjectHideFlags: 0
  m_CorrespondingSourceObject: {fileID: 0}
  m_PrefabInstance: {fileID: 0}
  m_PrefabAsset: {fileID: 0}
  m_GameObject: {fileID: 378638502487186046}
  serializedVersion: 2
  m_Mass: 1
  m_Drag: 0
  m_AngularDrag: 0.05
  m_UseGravity: 1
  m_IsKinematic: 1
  m_Interpolate: 0
  m_Constraints: 0
  m_CollisionDetection: 0
--- !u!64 &7922522382894621312
MeshCollider:
  m_ObjectHideFlags: 0
  m_CorrespondingSourceObject: {fileID: 0}
  m_PrefabInstance: {fileID: 0}
  m_PrefabAsset: {fileID: 0}
  m_GameObject: {fileID: 7629207557774602205}
  m_Material: {fileID: 0}
  m_IsTrigger: 0
  m_Enabled: 1
  serializedVersion: 4
  m_Convex: 1
  m_CookingOptions: 30
  m_Mesh: {fileID: 8682956011893718074, guid: 9b9dfdc8c6447284188d5c2090b77eb4, type: 3}
--- !u!54 &2394102485534849819
Rigidbody:
  m_ObjectHideFlags: 0
  m_CorrespondingSourceObject: {fileID: 0}
  m_PrefabInstance: {fileID: 0}
  m_PrefabAsset: {fileID: 0}
  m_GameObject: {fileID: 7629207557774602205}
  serializedVersion: 2
  m_Mass: 1
  m_Drag: 0
  m_AngularDrag: 0.05
  m_UseGravity: 1
  m_IsKinematic: 1
  m_Interpolate: 0
  m_Constraints: 0
  m_CollisionDetection: 0
--- !u!64 &5765172135312977633
MeshCollider:
  m_ObjectHideFlags: 0
  m_CorrespondingSourceObject: {fileID: 0}
  m_PrefabInstance: {fileID: 0}
  m_PrefabAsset: {fileID: 0}
  m_GameObject: {fileID: 7059462266476766828}
  m_Material: {fileID: 0}
  m_IsTrigger: 0
  m_Enabled: 1
  serializedVersion: 4
  m_Convex: 1
  m_CookingOptions: 30
  m_Mesh: {fileID: 8916402677378115845, guid: 9b9dfdc8c6447284188d5c2090b77eb4, type: 3}
--- !u!54 &7487117356347923861
Rigidbody:
  m_ObjectHideFlags: 0
  m_CorrespondingSourceObject: {fileID: 0}
  m_PrefabInstance: {fileID: 0}
  m_PrefabAsset: {fileID: 0}
  m_GameObject: {fileID: 7059462266476766828}
  serializedVersion: 2
  m_Mass: 1
  m_Drag: 0
  m_AngularDrag: 0.05
  m_UseGravity: 1
  m_IsKinematic: 1
  m_Interpolate: 0
  m_Constraints: 0
  m_CollisionDetection: 0
--- !u!64 &8073137839618968721
MeshCollider:
  m_ObjectHideFlags: 0
  m_CorrespondingSourceObject: {fileID: 0}
  m_PrefabInstance: {fileID: 0}
  m_PrefabAsset: {fileID: 0}
  m_GameObject: {fileID: 1745774006368156158}
  m_Material: {fileID: 0}
  m_IsTrigger: 0
  m_Enabled: 1
  serializedVersion: 4
  m_Convex: 1
  m_CookingOptions: 30
  m_Mesh: {fileID: -4468070537274930341, guid: 9b9dfdc8c6447284188d5c2090b77eb4, type: 3}
--- !u!54 &6543882220266299343
Rigidbody:
  m_ObjectHideFlags: 0
  m_CorrespondingSourceObject: {fileID: 0}
  m_PrefabInstance: {fileID: 0}
  m_PrefabAsset: {fileID: 0}
  m_GameObject: {fileID: 1745774006368156158}
  serializedVersion: 2
  m_Mass: 1
  m_Drag: 0
  m_AngularDrag: 0.05
  m_UseGravity: 1
  m_IsKinematic: 1
  m_Interpolate: 0
  m_Constraints: 0
  m_CollisionDetection: 0
--- !u!64 &7647895236139660707
MeshCollider:
  m_ObjectHideFlags: 0
  m_CorrespondingSourceObject: {fileID: 0}
  m_PrefabInstance: {fileID: 0}
  m_PrefabAsset: {fileID: 0}
  m_GameObject: {fileID: 588447841497506851}
  m_Material: {fileID: 0}
  m_IsTrigger: 0
  m_Enabled: 1
  serializedVersion: 4
  m_Convex: 1
  m_CookingOptions: 30
  m_Mesh: {fileID: 800598562996043181, guid: 9b9dfdc8c6447284188d5c2090b77eb4, type: 3}
--- !u!54 &3737454446255137623
Rigidbody:
  m_ObjectHideFlags: 0
  m_CorrespondingSourceObject: {fileID: 0}
  m_PrefabInstance: {fileID: 0}
  m_PrefabAsset: {fileID: 0}
  m_GameObject: {fileID: 588447841497506851}
  serializedVersion: 2
  m_Mass: 1
  m_Drag: 0
  m_AngularDrag: 0.05
  m_UseGravity: 1
  m_IsKinematic: 1
  m_Interpolate: 0
  m_Constraints: 0
  m_CollisionDetection: 0
--- !u!64 &2711962037573797536
MeshCollider:
  m_ObjectHideFlags: 0
  m_CorrespondingSourceObject: {fileID: 0}
  m_PrefabInstance: {fileID: 0}
  m_PrefabAsset: {fileID: 0}
  m_GameObject: {fileID: 6736440449344072612}
  m_Material: {fileID: 0}
  m_IsTrigger: 0
  m_Enabled: 1
  serializedVersion: 4
  m_Convex: 1
  m_CookingOptions: 30
  m_Mesh: {fileID: -6656668563051492121, guid: 9b9dfdc8c6447284188d5c2090b77eb4, type: 3}
--- !u!54 &480586783734239227
Rigidbody:
  m_ObjectHideFlags: 0
  m_CorrespondingSourceObject: {fileID: 0}
  m_PrefabInstance: {fileID: 0}
  m_PrefabAsset: {fileID: 0}
  m_GameObject: {fileID: 6736440449344072612}
  serializedVersion: 2
  m_Mass: 1
  m_Drag: 0
  m_AngularDrag: 0.05
  m_UseGravity: 1
  m_IsKinematic: 1
  m_Interpolate: 0
  m_Constraints: 0
  m_CollisionDetection: 0
--- !u!64 &266610563937713525
MeshCollider:
  m_ObjectHideFlags: 0
  m_CorrespondingSourceObject: {fileID: 0}
  m_PrefabInstance: {fileID: 0}
  m_PrefabAsset: {fileID: 0}
  m_GameObject: {fileID: 4920742857679078680}
  m_Material: {fileID: 0}
  m_IsTrigger: 0
  m_Enabled: 1
  serializedVersion: 4
  m_Convex: 1
  m_CookingOptions: 30
  m_Mesh: {fileID: 4430953190024564248, guid: 9b9dfdc8c6447284188d5c2090b77eb4, type: 3}
--- !u!54 &7615721930793285029
Rigidbody:
  m_ObjectHideFlags: 0
  m_CorrespondingSourceObject: {fileID: 0}
  m_PrefabInstance: {fileID: 0}
  m_PrefabAsset: {fileID: 0}
  m_GameObject: {fileID: 4920742857679078680}
  serializedVersion: 2
  m_Mass: 1
  m_Drag: 0
  m_AngularDrag: 0.05
  m_UseGravity: 1
  m_IsKinematic: 1
  m_Interpolate: 0
  m_Constraints: 0
  m_CollisionDetection: 0
--- !u!64 &1385939332514642813
MeshCollider:
  m_ObjectHideFlags: 0
  m_CorrespondingSourceObject: {fileID: 0}
  m_PrefabInstance: {fileID: 0}
  m_PrefabAsset: {fileID: 0}
  m_GameObject: {fileID: 8919842777139224949}
  m_Material: {fileID: 0}
  m_IsTrigger: 0
  m_Enabled: 1
  serializedVersion: 4
  m_Convex: 1
  m_CookingOptions: 30
  m_Mesh: {fileID: 4048654083960571787, guid: 9b9dfdc8c6447284188d5c2090b77eb4, type: 3}
--- !u!54 &3515348784183211129
Rigidbody:
  m_ObjectHideFlags: 0
  m_CorrespondingSourceObject: {fileID: 0}
  m_PrefabInstance: {fileID: 0}
  m_PrefabAsset: {fileID: 0}
  m_GameObject: {fileID: 8919842777139224949}
  serializedVersion: 2
  m_Mass: 1
  m_Drag: 0
  m_AngularDrag: 0.05
  m_UseGravity: 1
  m_IsKinematic: 1
  m_Interpolate: 0
  m_Constraints: 0
  m_CollisionDetection: 0
--- !u!64 &6621002635301524419
MeshCollider:
  m_ObjectHideFlags: 0
  m_CorrespondingSourceObject: {fileID: 0}
  m_PrefabInstance: {fileID: 0}
  m_PrefabAsset: {fileID: 0}
  m_GameObject: {fileID: 6302513418269674062}
  m_Material: {fileID: 0}
  m_IsTrigger: 0
  m_Enabled: 1
  serializedVersion: 4
  m_Convex: 1
  m_CookingOptions: 30
  m_Mesh: {fileID: 607119688668653784, guid: 9b9dfdc8c6447284188d5c2090b77eb4, type: 3}
--- !u!54 &5628272334881321688
Rigidbody:
  m_ObjectHideFlags: 0
  m_CorrespondingSourceObject: {fileID: 0}
  m_PrefabInstance: {fileID: 0}
  m_PrefabAsset: {fileID: 0}
  m_GameObject: {fileID: 6302513418269674062}
  serializedVersion: 2
  m_Mass: 1
  m_Drag: 0
  m_AngularDrag: 0.05
  m_UseGravity: 1
  m_IsKinematic: 1
  m_Interpolate: 0
  m_Constraints: 0
  m_CollisionDetection: 0
--- !u!1001 &2967865815626412346
PrefabInstance:
  m_ObjectHideFlags: 0
  serializedVersion: 2
  m_Modification:
    m_TransformParent: {fileID: 0}
    m_Modifications:
    - target: {fileID: -8891452624319394766, guid: 9b9dfdc8c6447284188d5c2090b77eb4, type: 3}
      propertyPath: m_Materials.Array.data[0]
      value: 
      objectReference: {fileID: 2100000, guid: e58a5a1b617ed5c45a62f0c8a7efbd93, type: 2}
    - target: {fileID: -8792372606234625974, guid: 9b9dfdc8c6447284188d5c2090b77eb4, type: 3}
      propertyPath: m_Materials.Array.data[0]
      value: 
      objectReference: {fileID: 2100000, guid: e58a5a1b617ed5c45a62f0c8a7efbd93, type: 2}
    - target: {fileID: -8679921383154817045, guid: 9b9dfdc8c6447284188d5c2090b77eb4, type: 3}
      propertyPath: m_RootOrder
      value: 0
      objectReference: {fileID: 0}
    - target: {fileID: -8679921383154817045, guid: 9b9dfdc8c6447284188d5c2090b77eb4, type: 3}
      propertyPath: m_LocalPosition.x
      value: -4.1545353
      objectReference: {fileID: 0}
    - target: {fileID: -8679921383154817045, guid: 9b9dfdc8c6447284188d5c2090b77eb4, type: 3}
      propertyPath: m_LocalPosition.y
      value: -3.4416618
      objectReference: {fileID: 0}
    - target: {fileID: -8679921383154817045, guid: 9b9dfdc8c6447284188d5c2090b77eb4, type: 3}
      propertyPath: m_LocalPosition.z
      value: -5.969123
      objectReference: {fileID: 0}
    - target: {fileID: -8679921383154817045, guid: 9b9dfdc8c6447284188d5c2090b77eb4, type: 3}
      propertyPath: m_LocalRotation.w
      value: 1
      objectReference: {fileID: 0}
    - target: {fileID: -8679921383154817045, guid: 9b9dfdc8c6447284188d5c2090b77eb4, type: 3}
      propertyPath: m_LocalRotation.x
      value: 0
      objectReference: {fileID: 0}
    - target: {fileID: -8679921383154817045, guid: 9b9dfdc8c6447284188d5c2090b77eb4, type: 3}
      propertyPath: m_LocalRotation.y
      value: 0
      objectReference: {fileID: 0}
    - target: {fileID: -8679921383154817045, guid: 9b9dfdc8c6447284188d5c2090b77eb4, type: 3}
      propertyPath: m_LocalRotation.z
      value: 0
      objectReference: {fileID: 0}
    - target: {fileID: -8679921383154817045, guid: 9b9dfdc8c6447284188d5c2090b77eb4, type: 3}
      propertyPath: m_LocalEulerAnglesHint.x
      value: 0
      objectReference: {fileID: 0}
    - target: {fileID: -8679921383154817045, guid: 9b9dfdc8c6447284188d5c2090b77eb4, type: 3}
      propertyPath: m_LocalEulerAnglesHint.y
      value: 0
      objectReference: {fileID: 0}
    - target: {fileID: -8679921383154817045, guid: 9b9dfdc8c6447284188d5c2090b77eb4, type: 3}
      propertyPath: m_LocalEulerAnglesHint.z
      value: 0
      objectReference: {fileID: 0}
    - target: {fileID: -8663175737069208958, guid: 9b9dfdc8c6447284188d5c2090b77eb4, type: 3}
      propertyPath: m_Materials.Array.data[0]
      value: 
      objectReference: {fileID: 2100000, guid: e58a5a1b617ed5c45a62f0c8a7efbd93, type: 2}
    - target: {fileID: -8387537839024528441, guid: 9b9dfdc8c6447284188d5c2090b77eb4, type: 3}
      propertyPath: m_Materials.Array.data[0]
      value: 
      objectReference: {fileID: 2100000, guid: e58a5a1b617ed5c45a62f0c8a7efbd93, type: 2}
    - target: {fileID: -7761610165232142731, guid: 9b9dfdc8c6447284188d5c2090b77eb4, type: 3}
      propertyPath: m_Materials.Array.data[0]
      value: 
      objectReference: {fileID: 2100000, guid: e58a5a1b617ed5c45a62f0c8a7efbd93, type: 2}
    - target: {fileID: -7460648387493969199, guid: 9b9dfdc8c6447284188d5c2090b77eb4, type: 3}
      propertyPath: m_Materials.Array.data[0]
      value: 
      objectReference: {fileID: 2100000, guid: e58a5a1b617ed5c45a62f0c8a7efbd93, type: 2}
    - target: {fileID: -7392563167101046361, guid: 9b9dfdc8c6447284188d5c2090b77eb4, type: 3}
      propertyPath: m_Materials.Array.data[0]
      value: 
      objectReference: {fileID: 2100000, guid: e58a5a1b617ed5c45a62f0c8a7efbd93, type: 2}
    - target: {fileID: -7179761487414087990, guid: 9b9dfdc8c6447284188d5c2090b77eb4, type: 3}
      propertyPath: m_Materials.Array.data[0]
      value: 
      objectReference: {fileID: 2100000, guid: e58a5a1b617ed5c45a62f0c8a7efbd93, type: 2}
    - target: {fileID: -6821914414770796813, guid: 9b9dfdc8c6447284188d5c2090b77eb4, type: 3}
      propertyPath: m_Materials.Array.data[0]
      value: 
      objectReference: {fileID: 2100000, guid: e58a5a1b617ed5c45a62f0c8a7efbd93, type: 2}
    - target: {fileID: -5556345699143205421, guid: 9b9dfdc8c6447284188d5c2090b77eb4, type: 3}
      propertyPath: m_Materials.Array.data[0]
      value: 
      objectReference: {fileID: 2100000, guid: e58a5a1b617ed5c45a62f0c8a7efbd93, type: 2}
    - target: {fileID: -5263251645506734428, guid: 9b9dfdc8c6447284188d5c2090b77eb4, type: 3}
      propertyPath: m_Materials.Array.data[0]
      value: 
      objectReference: {fileID: 2100000, guid: e58a5a1b617ed5c45a62f0c8a7efbd93, type: 2}
    - target: {fileID: -5021992875671502926, guid: 9b9dfdc8c6447284188d5c2090b77eb4, type: 3}
      propertyPath: m_Materials.Array.data[0]
      value: 
      objectReference: {fileID: 2100000, guid: e58a5a1b617ed5c45a62f0c8a7efbd93, type: 2}
    - target: {fileID: -5015188721486493636, guid: 9b9dfdc8c6447284188d5c2090b77eb4, type: 3}
      propertyPath: m_Materials.Array.data[0]
      value: 
      objectReference: {fileID: 2100000, guid: e58a5a1b617ed5c45a62f0c8a7efbd93, type: 2}
    - target: {fileID: -4982099774539913891, guid: 9b9dfdc8c6447284188d5c2090b77eb4, type: 3}
      propertyPath: m_Materials.Array.data[0]
      value: 
      objectReference: {fileID: 2100000, guid: e58a5a1b617ed5c45a62f0c8a7efbd93, type: 2}
    - target: {fileID: -4775827359936048728, guid: 9b9dfdc8c6447284188d5c2090b77eb4, type: 3}
      propertyPath: m_Materials.Array.data[0]
      value: 
      objectReference: {fileID: 2100000, guid: e58a5a1b617ed5c45a62f0c8a7efbd93, type: 2}
    - target: {fileID: -2562302107758951384, guid: 9b9dfdc8c6447284188d5c2090b77eb4, type: 3}
      propertyPath: m_Materials.Array.data[0]
      value: 
      objectReference: {fileID: 2100000, guid: e58a5a1b617ed5c45a62f0c8a7efbd93, type: 2}
    - target: {fileID: -2465907691595059624, guid: 9b9dfdc8c6447284188d5c2090b77eb4, type: 3}
      propertyPath: m_Materials.Array.data[0]
      value: 
      objectReference: {fileID: 2100000, guid: e58a5a1b617ed5c45a62f0c8a7efbd93, type: 2}
    - target: {fileID: -2276164811800618572, guid: 9b9dfdc8c6447284188d5c2090b77eb4, type: 3}
      propertyPath: m_Materials.Array.data[0]
      value: 
      objectReference: {fileID: 2100000, guid: e58a5a1b617ed5c45a62f0c8a7efbd93, type: 2}
    - target: {fileID: -2186998898806385929, guid: 9b9dfdc8c6447284188d5c2090b77eb4, type: 3}
      propertyPath: m_Materials.Array.data[0]
      value: 
      objectReference: {fileID: 2100000, guid: e58a5a1b617ed5c45a62f0c8a7efbd93, type: 2}
    - target: {fileID: -1886157532205457578, guid: 9b9dfdc8c6447284188d5c2090b77eb4, type: 3}
      propertyPath: m_Materials.Array.data[0]
      value: 
      objectReference: {fileID: 2100000, guid: e58a5a1b617ed5c45a62f0c8a7efbd93, type: 2}
    - target: {fileID: -1137629481430290409, guid: 9b9dfdc8c6447284188d5c2090b77eb4, type: 3}
      propertyPath: m_Materials.Array.data[0]
      value: 
      objectReference: {fileID: 2100000, guid: e58a5a1b617ed5c45a62f0c8a7efbd93, type: 2}
    - target: {fileID: -815417667628011327, guid: 9b9dfdc8c6447284188d5c2090b77eb4, type: 3}
      propertyPath: m_Materials.Array.data[0]
      value: 
      objectReference: {fileID: 2100000, guid: e58a5a1b617ed5c45a62f0c8a7efbd93, type: 2}
    - target: {fileID: -755610166113236268, guid: 9b9dfdc8c6447284188d5c2090b77eb4, type: 3}
      propertyPath: m_Materials.Array.data[0]
      value: 
      objectReference: {fileID: 2100000, guid: e58a5a1b617ed5c45a62f0c8a7efbd93, type: 2}
    - target: {fileID: -662508525261117955, guid: 9b9dfdc8c6447284188d5c2090b77eb4, type: 3}
      propertyPath: m_Materials.Array.data[0]
      value: 
      objectReference: {fileID: 2100000, guid: e58a5a1b617ed5c45a62f0c8a7efbd93, type: 2}
    - target: {fileID: -270628126721891472, guid: 9b9dfdc8c6447284188d5c2090b77eb4, type: 3}
      propertyPath: m_Materials.Array.data[0]
      value: 
      objectReference: {fileID: 2100000, guid: e58a5a1b617ed5c45a62f0c8a7efbd93, type: 2}
    - target: {fileID: -249860792085180353, guid: 9b9dfdc8c6447284188d5c2090b77eb4, type: 3}
      propertyPath: m_Materials.Array.data[0]
      value: 
      objectReference: {fileID: 2100000, guid: e58a5a1b617ed5c45a62f0c8a7efbd93, type: 2}
    - target: {fileID: 919132149155446097, guid: 9b9dfdc8c6447284188d5c2090b77eb4, type: 3}
      propertyPath: m_Name
      value: SM_Bld_House_11 Variant
      objectReference: {fileID: 0}
    - target: {fileID: 1047553171939480911, guid: 9b9dfdc8c6447284188d5c2090b77eb4, type: 3}
      propertyPath: m_Materials.Array.data[0]
      value: 
      objectReference: {fileID: 2100000, guid: e58a5a1b617ed5c45a62f0c8a7efbd93, type: 2}
    - target: {fileID: 1163576288131738387, guid: 9b9dfdc8c6447284188d5c2090b77eb4, type: 3}
      propertyPath: m_Materials.Array.data[0]
      value: 
      objectReference: {fileID: 2100000, guid: e58a5a1b617ed5c45a62f0c8a7efbd93, type: 2}
    - target: {fileID: 1678821824428921911, guid: 9b9dfdc8c6447284188d5c2090b77eb4, type: 3}
      propertyPath: m_Materials.Array.data[0]
      value: 
      objectReference: {fileID: 2100000, guid: e58a5a1b617ed5c45a62f0c8a7efbd93, type: 2}
    - target: {fileID: 2964857282245540574, guid: 9b9dfdc8c6447284188d5c2090b77eb4, type: 3}
      propertyPath: m_Materials.Array.data[0]
      value: 
      objectReference: {fileID: 2100000, guid: e58a5a1b617ed5c45a62f0c8a7efbd93, type: 2}
    - target: {fileID: 3028969044347879846, guid: 9b9dfdc8c6447284188d5c2090b77eb4, type: 3}
      propertyPath: m_Materials.Array.data[0]
      value: 
      objectReference: {fileID: 2100000, guid: e58a5a1b617ed5c45a62f0c8a7efbd93, type: 2}
    - target: {fileID: 3083155490778613167, guid: 9b9dfdc8c6447284188d5c2090b77eb4, type: 3}
      propertyPath: m_Materials.Array.data[0]
      value: 
      objectReference: {fileID: 2100000, guid: e58a5a1b617ed5c45a62f0c8a7efbd93, type: 2}
    - target: {fileID: 3166499538866706280, guid: 9b9dfdc8c6447284188d5c2090b77eb4, type: 3}
      propertyPath: m_IsActive
      value: 0
      objectReference: {fileID: 0}
    - target: {fileID: 3375382409529819142, guid: 9b9dfdc8c6447284188d5c2090b77eb4, type: 3}
      propertyPath: m_Materials.Array.data[0]
      value: 
      objectReference: {fileID: 2100000, guid: e58a5a1b617ed5c45a62f0c8a7efbd93, type: 2}
    - target: {fileID: 3381741391577855350, guid: 9b9dfdc8c6447284188d5c2090b77eb4, type: 3}
      propertyPath: m_Materials.Array.data[0]
      value: 
      objectReference: {fileID: 2100000, guid: e58a5a1b617ed5c45a62f0c8a7efbd93, type: 2}
    - target: {fileID: 5466573301185247509, guid: 9b9dfdc8c6447284188d5c2090b77eb4, type: 3}
      propertyPath: m_Materials.Array.data[0]
      value: 
      objectReference: {fileID: 2100000, guid: e58a5a1b617ed5c45a62f0c8a7efbd93, type: 2}
    - target: {fileID: 5600393161842246255, guid: 9b9dfdc8c6447284188d5c2090b77eb4, type: 3}
      propertyPath: m_LocalPosition.x
      value: 0.84
      objectReference: {fileID: 0}
    - target: {fileID: 6457937015605493098, guid: 9b9dfdc8c6447284188d5c2090b77eb4, type: 3}
      propertyPath: m_Materials.Array.data[0]
      value: 
      objectReference: {fileID: 2100000, guid: e58a5a1b617ed5c45a62f0c8a7efbd93, type: 2}
    - target: {fileID: 7092999488058297029, guid: 9b9dfdc8c6447284188d5c2090b77eb4, type: 3}
      propertyPath: m_Materials.Array.data[0]
      value: 
      objectReference: {fileID: 2100000, guid: e58a5a1b617ed5c45a62f0c8a7efbd93, type: 2}
    - target: {fileID: 7463080470251648848, guid: 9b9dfdc8c6447284188d5c2090b77eb4, type: 3}
      propertyPath: m_Materials.Array.data[0]
      value: 
      objectReference: {fileID: 2100000, guid: e58a5a1b617ed5c45a62f0c8a7efbd93, type: 2}
    - target: {fileID: 7797101065523536207, guid: 9b9dfdc8c6447284188d5c2090b77eb4, type: 3}
      propertyPath: m_Materials.Array.data[0]
      value: 
      objectReference: {fileID: 2100000, guid: e58a5a1b617ed5c45a62f0c8a7efbd93, type: 2}
    - target: {fileID: 7893140224759466165, guid: 9b9dfdc8c6447284188d5c2090b77eb4, type: 3}
      propertyPath: m_Materials.Array.data[0]
      value: 
      objectReference: {fileID: 2100000, guid: e58a5a1b617ed5c45a62f0c8a7efbd93, type: 2}
    - target: {fileID: 8463592547168953329, guid: 9b9dfdc8c6447284188d5c2090b77eb4, type: 3}
      propertyPath: m_Materials.Array.data[0]
      value: 
      objectReference: {fileID: 2100000, guid: e58a5a1b617ed5c45a62f0c8a7efbd93, type: 2}
    - target: {fileID: 8550008490521361854, guid: 9b9dfdc8c6447284188d5c2090b77eb4, type: 3}
      propertyPath: m_Materials.Array.data[0]
      value: 
      objectReference: {fileID: 2100000, guid: e58a5a1b617ed5c45a62f0c8a7efbd93, type: 2}
    m_RemovedComponents: []
  m_SourcePrefab: {fileID: 100100000, guid: 9b9dfdc8c6447284188d5c2090b77eb4, type: 3}
--- !u!1 &6393341530709594523 stripped
GameObject:
  m_CorrespondingSourceObject: {fileID: 8184812950991495329, guid: 9b9dfdc8c6447284188d5c2090b77eb4, type: 3}
  m_PrefabInstance: {fileID: 2967865815626412346}
  m_PrefabAsset: {fileID: 0}
--- !u!1 &6987711831529079944 stripped
GameObject:
  m_CorrespondingSourceObject: {fileID: -3902741952109857358, guid: 9b9dfdc8c6447284188d5c2090b77eb4, type: 3}
  m_PrefabInstance: {fileID: 2967865815626412346}
  m_PrefabAsset: {fileID: 0}
--- !u!1 &4404851099769737101 stripped
GameObject:
  m_CorrespondingSourceObject: {fileID: -7778043657366765897, guid: 9b9dfdc8c6447284188d5c2090b77eb4, type: 3}
  m_PrefabInstance: {fileID: 2967865815626412346}
  m_PrefabAsset: {fileID: 0}
--- !u!1 &1364190977351474458 stripped
GameObject:
  m_CorrespondingSourceObject: {fileID: 4305843989086219296, guid: 9b9dfdc8c6447284188d5c2090b77eb4, type: 3}
  m_PrefabInstance: {fileID: 2967865815626412346}
  m_PrefabAsset: {fileID: 0}
--- !u!1 &736225606662912295 stripped
GameObject:
  m_CorrespondingSourceObject: {fileID: -6694491487647856611, guid: 9b9dfdc8c6447284188d5c2090b77eb4, type: 3}
  m_PrefabInstance: {fileID: 2967865815626412346}
  m_PrefabAsset: {fileID: 0}
--- !u!1 &2547587439224961459 stripped
GameObject:
  m_CorrespondingSourceObject: {fileID: -8469824512539506551, guid: 9b9dfdc8c6447284188d5c2090b77eb4, type: 3}
  m_PrefabInstance: {fileID: 2967865815626412346}
  m_PrefabAsset: {fileID: 0}
--- !u!1 &6224013999027878459 stripped
GameObject:
  m_CorrespondingSourceObject: {fileID: -49581387535971583, guid: 9b9dfdc8c6447284188d5c2090b77eb4, type: 3}
  m_PrefabInstance: {fileID: 2967865815626412346}
  m_PrefabAsset: {fileID: 0}
--- !u!1 &1360176357571944609 stripped
GameObject:
  m_CorrespondingSourceObject: {fileID: 4309851440498217371, guid: 9b9dfdc8c6447284188d5c2090b77eb4, type: 3}
  m_PrefabInstance: {fileID: 2967865815626412346}
  m_PrefabAsset: {fileID: 0}
--- !u!1 &4477970127347057625 stripped
GameObject:
  m_CorrespondingSourceObject: {fileID: -7562942185067580701, guid: 9b9dfdc8c6447284188d5c2090b77eb4, type: 3}
  m_PrefabInstance: {fileID: 2967865815626412346}
  m_PrefabAsset: {fileID: 0}
--- !u!1 &1439285338944656105 stripped
GameObject:
  m_CorrespondingSourceObject: {fileID: -4983615205426158637, guid: 9b9dfdc8c6447284188d5c2090b77eb4, type: 3}
  m_PrefabInstance: {fileID: 2967865815626412346}
  m_PrefabAsset: {fileID: 0}
--- !u!1 &7737863720874576736 stripped
GameObject:
  m_CorrespondingSourceObject: {fileID: 4777633326321334874, guid: 9b9dfdc8c6447284188d5c2090b77eb4, type: 3}
  m_PrefabInstance: {fileID: 2967865815626412346}
  m_PrefabAsset: {fileID: 0}
--- !u!1 &2614322188190809851 stripped
GameObject:
  m_CorrespondingSourceObject: {fileID: -8257338844712071231, guid: 9b9dfdc8c6447284188d5c2090b77eb4, type: 3}
  m_PrefabInstance: {fileID: 2967865815626412346}
  m_PrefabAsset: {fileID: 0}
--- !u!1 &1101178198522922638 stripped
GameObject:
  m_CorrespondingSourceObject: {fileID: 2767410846349064116, guid: 9b9dfdc8c6447284188d5c2090b77eb4, type: 3}
  m_PrefabInstance: {fileID: 2967865815626412346}
  m_PrefabAsset: {fileID: 0}
--- !u!1 &8390896732762415642 stripped
GameObject:
  m_CorrespondingSourceObject: {fileID: -2495682336475720928, guid: 9b9dfdc8c6447284188d5c2090b77eb4, type: 3}
  m_PrefabInstance: {fileID: 2967865815626412346}
  m_PrefabAsset: {fileID: 0}
--- !u!1 &378638502487186046 stripped
GameObject:
  m_CorrespondingSourceObject: {fileID: -6021651857671771324, guid: 9b9dfdc8c6447284188d5c2090b77eb4, type: 3}
  m_PrefabInstance: {fileID: 2967865815626412346}
  m_PrefabAsset: {fileID: 0}
--- !u!1 &206691357853050450 stripped
GameObject:
  m_CorrespondingSourceObject: {fileID: 3166499538866706280, guid: 9b9dfdc8c6447284188d5c2090b77eb4, type: 3}
  m_PrefabInstance: {fileID: 2967865815626412346}
  m_PrefabAsset: {fileID: 0}
--- !u!1 &5517508199865903825 stripped
GameObject:
  m_CorrespondingSourceObject: {fileID: -1892116275667133461, guid: 9b9dfdc8c6447284188d5c2090b77eb4, type: 3}
  m_PrefabInstance: {fileID: 2967865815626412346}
  m_PrefabAsset: {fileID: 0}
--- !u!1 &7629207557774602205 stripped
GameObject:
  m_CorrespondingSourceObject: {fileID: 4670120552257461991, guid: 9b9dfdc8c6447284188d5c2090b77eb4, type: 3}
  m_PrefabInstance: {fileID: 2967865815626412346}
  m_PrefabAsset: {fileID: 0}
--- !u!1 &4753751238422568502 stripped
GameObject:
  m_CorrespondingSourceObject: {fileID: 7554592304249433868, guid: 9b9dfdc8c6447284188d5c2090b77eb4, type: 3}
  m_PrefabInstance: {fileID: 2967865815626412346}
  m_PrefabAsset: {fileID: 0}
--- !u!1 &3231596938108276124 stripped
GameObject:
  m_CorrespondingSourceObject: {fileID: 429823795658816678, guid: 9b9dfdc8c6447284188d5c2090b77eb4, type: 3}
  m_PrefabInstance: {fileID: 2967865815626412346}
  m_PrefabAsset: {fileID: 0}
--- !u!1 &7059462266476766828 stripped
GameObject:
  m_CorrespondingSourceObject: {fileID: 5248881299752539990, guid: 9b9dfdc8c6447284188d5c2090b77eb4, type: 3}
  m_PrefabInstance: {fileID: 2967865815626412346}
  m_PrefabAsset: {fileID: 0}
--- !u!1 &1338551150832516298 stripped
GameObject:
  m_CorrespondingSourceObject: {fileID: -4918908181039542800, guid: 9b9dfdc8c6447284188d5c2090b77eb4, type: 3}
  m_PrefabInstance: {fileID: 2967865815626412346}
  m_PrefabAsset: {fileID: 0}
--- !u!1 &8873695194507463526 stripped
GameObject:
  m_CorrespondingSourceObject: {fileID: 5911617723495529052, guid: 9b9dfdc8c6447284188d5c2090b77eb4, type: 3}
  m_PrefabInstance: {fileID: 2967865815626412346}
  m_PrefabAsset: {fileID: 0}
--- !u!1 &1745774006368156158 stripped
GameObject:
  m_CorrespondingSourceObject: {fileID: 3536950827325376708, guid: 9b9dfdc8c6447284188d5c2090b77eb4, type: 3}
  m_PrefabInstance: {fileID: 2967865815626412346}
  m_PrefabAsset: {fileID: 0}
--- !u!1 &2785741346605284006 stripped
GameObject:
  m_CorrespondingSourceObject: {fileID: -8104497172165604452, guid: 9b9dfdc8c6447284188d5c2090b77eb4, type: 3}
  m_PrefabInstance: {fileID: 2967865815626412346}
  m_PrefabAsset: {fileID: 0}
--- !u!1 &4552119376551135667 stripped
GameObject:
  m_CorrespondingSourceObject: {fileID: -7637090907720828791, guid: 9b9dfdc8c6447284188d5c2090b77eb4, type: 3}
  m_PrefabInstance: {fileID: 2967865815626412346}
  m_PrefabAsset: {fileID: 0}
--- !u!1 &4646869771600244055 stripped
GameObject:
  m_CorrespondingSourceObject: {fileID: -1633956382462682003, guid: 9b9dfdc8c6447284188d5c2090b77eb4, type: 3}
  m_PrefabInstance: {fileID: 2967865815626412346}
  m_PrefabAsset: {fileID: 0}
--- !u!1 &6403383602088974125 stripped
GameObject:
  m_CorrespondingSourceObject: {fileID: 8210793611650721303, guid: 9b9dfdc8c6447284188d5c2090b77eb4, type: 3}
  m_PrefabInstance: {fileID: 2967865815626412346}
  m_PrefabAsset: {fileID: 0}
--- !u!1 &4016475059045827177 stripped
GameObject:
  m_CorrespondingSourceObject: {fileID: -7020380690700340397, guid: 9b9dfdc8c6447284188d5c2090b77eb4, type: 3}
  m_PrefabInstance: {fileID: 2967865815626412346}
  m_PrefabAsset: {fileID: 0}
--- !u!1 &6736440449344072612 stripped
GameObject:
  m_CorrespondingSourceObject: {fileID: -841224415515108706, guid: 9b9dfdc8c6447284188d5c2090b77eb4, type: 3}
  m_PrefabInstance: {fileID: 2967865815626412346}
  m_PrefabAsset: {fileID: 0}
--- !u!1 &760741926843382722 stripped
GameObject:
  m_CorrespondingSourceObject: {fileID: 2567413511262112504, guid: 9b9dfdc8c6447284188d5c2090b77eb4, type: 3}
  m_PrefabInstance: {fileID: 2967865815626412346}
  m_PrefabAsset: {fileID: 0}
--- !u!1 &8372766938691637866 stripped
GameObject:
  m_CorrespondingSourceObject: {fileID: 6709784102527460176, guid: 9b9dfdc8c6447284188d5c2090b77eb4, type: 3}
  m_PrefabInstance: {fileID: 2967865815626412346}
  m_PrefabAsset: {fileID: 0}
--- !u!1 &4920742857679078680 stripped
GameObject:
  m_CorrespondingSourceObject: {fileID: -1340375374010289118, guid: 9b9dfdc8c6447284188d5c2090b77eb4, type: 3}
  m_PrefabInstance: {fileID: 2967865815626412346}
  m_PrefabAsset: {fileID: 0}
--- !u!1 &1477313237340369096 stripped
GameObject:
  m_CorrespondingSourceObject: {fileID: -4778456970870373902, guid: 9b9dfdc8c6447284188d5c2090b77eb4, type: 3}
  m_PrefabInstance: {fileID: 2967865815626412346}
  m_PrefabAsset: {fileID: 0}
--- !u!1 &7006786041693302298 stripped
GameObject:
  m_CorrespondingSourceObject: {fileID: -4029911377276264672, guid: 9b9dfdc8c6447284188d5c2090b77eb4, type: 3}
  m_PrefabInstance: {fileID: 2967865815626412346}
  m_PrefabAsset: {fileID: 0}
--- !u!1 &8919842777139224949 stripped
GameObject:
  m_CorrespondingSourceObject: {fileID: 5973566972919042127, guid: 9b9dfdc8c6447284188d5c2090b77eb4, type: 3}
  m_PrefabInstance: {fileID: 2967865815626412346}
  m_PrefabAsset: {fileID: 0}
--- !u!1 &1048953698745973785 stripped
GameObject:
  m_CorrespondingSourceObject: {fileID: 2855664694863727907, guid: 9b9dfdc8c6447284188d5c2090b77eb4, type: 3}
  m_PrefabInstance: {fileID: 2967865815626412346}
  m_PrefabAsset: {fileID: 0}
--- !u!1 &3059743656208382431 stripped
GameObject:
  m_CorrespondingSourceObject: {fileID: -8981973602830006043, guid: 9b9dfdc8c6447284188d5c2090b77eb4, type: 3}
  m_PrefabInstance: {fileID: 2967865815626412346}
  m_PrefabAsset: {fileID: 0}
--- !u!1 &6302513418269674062 stripped
GameObject:
  m_CorrespondingSourceObject: {fileID: 9104304496509926260, guid: 9b9dfdc8c6447284188d5c2090b77eb4, type: 3}
  m_PrefabInstance: {fileID: 2967865815626412346}
  m_PrefabAsset: {fileID: 0}
--- !u!1 &7508345212588194230 stripped
GameObject:
  m_CorrespondingSourceObject: {fileID: -4531472192403339124, guid: 9b9dfdc8c6447284188d5c2090b77eb4, type: 3}
  m_PrefabInstance: {fileID: 2967865815626412346}
  m_PrefabAsset: {fileID: 0}
--- !u!1 &7938865866774256150 stripped
GameObject:
  m_CorrespondingSourceObject: {fileID: -4106299563807970516, guid: 9b9dfdc8c6447284188d5c2090b77eb4, type: 3}
  m_PrefabInstance: {fileID: 2967865815626412346}
  m_PrefabAsset: {fileID: 0}
--- !u!1 &588447841497506851 stripped
GameObject:
  m_CorrespondingSourceObject: {fileID: -6843945253211073255, guid: 9b9dfdc8c6447284188d5c2090b77eb4, type: 3}
  m_PrefabInstance: {fileID: 2967865815626412346}
  m_PrefabAsset: {fileID: 0}
