%YAML 1.1
%TAG !u! tag:unity3d.com,2011:
--- !u!54 &1358337910308358596
Rigidbody:
  m_ObjectHideFlags: 0
  m_CorrespondingSourceObject: {fileID: 0}
  m_PrefabInstance: {fileID: 0}
  m_PrefabAsset: {fileID: 0}
  m_GameObject: {fileID: 3741298402578893782}
  serializedVersion: 2
  m_Mass: 1
  m_Drag: 0
  m_AngularDrag: 0.05
  m_UseGravity: 1
  m_IsKinematic: 1
  m_Interpolate: 0
  m_Constraints: 0
  m_CollisionDetection: 0
--- !u!64 &6469088012205014861
MeshCollider:
  m_ObjectHideFlags: 0
  m_CorrespondingSourceObject: {fileID: 0}
  m_PrefabInstance: {fileID: 0}
  m_PrefabAsset: {fileID: 0}
  m_GameObject: {fileID: 3741298402578893782}
  m_Material: {fileID: 0}
  m_IsTrigger: 0
  m_Enabled: 1
  serializedVersion: 4
  m_Convex: 1
  m_CookingOptions: 30
  m_Mesh: {fileID: -7922695463839196154, guid: 8fc27f40f58bdee4b98863bfe3901c21, type: 3}
--- !u!54 &6952424415374291593
Rigidbody:
  m_ObjectHideFlags: 0
  m_CorrespondingSourceObject: {fileID: 0}
  m_PrefabInstance: {fileID: 0}
  m_PrefabAsset: {fileID: 0}
  m_GameObject: {fileID: 1061913969122661059}
  serializedVersion: 2
  m_Mass: 1
  m_Drag: 0
  m_AngularDrag: 0.05
  m_UseGravity: 1
  m_IsKinematic: 1
  m_Interpolate: 0
  m_Constraints: 0
  m_CollisionDetection: 0
--- !u!64 &8755162539946180699
MeshCollider:
  m_ObjectHideFlags: 0
  m_CorrespondingSourceObject: {fileID: 0}
  m_PrefabInstance: {fileID: 0}
  m_PrefabAsset: {fileID: 0}
  m_GameObject: {fileID: 1061913969122661059}
  m_Material: {fileID: 0}
  m_IsTrigger: 0
  m_Enabled: 1
  serializedVersion: 4
  m_Convex: 1
  m_CookingOptions: 30
  m_Mesh: {fileID: -5875811814685319040, guid: 8fc27f40f58bdee4b98863bfe3901c21, type: 3}
--- !u!54 &5134557502921853379
Rigidbody:
  m_ObjectHideFlags: 0
  m_CorrespondingSourceObject: {fileID: 0}
  m_PrefabInstance: {fileID: 0}
  m_PrefabAsset: {fileID: 0}
  m_GameObject: {fileID: 6127814166328269697}
  serializedVersion: 2
  m_Mass: 1
  m_Drag: 0
  m_AngularDrag: 0.05
  m_UseGravity: 1
  m_IsKinematic: 1
  m_Interpolate: 0
  m_Constraints: 0
  m_CollisionDetection: 0
--- !u!64 &3831281390469079686
MeshCollider:
  m_ObjectHideFlags: 0
  m_CorrespondingSourceObject: {fileID: 0}
  m_PrefabInstance: {fileID: 0}
  m_PrefabAsset: {fileID: 0}
  m_GameObject: {fileID: 6127814166328269697}
  m_Material: {fileID: 0}
  m_IsTrigger: 0
  m_Enabled: 1
  serializedVersion: 4
  m_Convex: 1
  m_CookingOptions: 30
  m_Mesh: {fileID: 5485418311522786430, guid: 8fc27f40f58bdee4b98863bfe3901c21, type: 3}
--- !u!54 &7067726908936480509
Rigidbody:
  m_ObjectHideFlags: 0
  m_CorrespondingSourceObject: {fileID: 0}
  m_PrefabInstance: {fileID: 0}
  m_PrefabAsset: {fileID: 0}
  m_GameObject: {fileID: 2722191617776639733}
  serializedVersion: 2
  m_Mass: 1
  m_Drag: 0
  m_AngularDrag: 0.05
  m_UseGravity: 1
  m_IsKinematic: 1
  m_Interpolate: 0
  m_Constraints: 0
  m_CollisionDetection: 0
--- !u!64 &1041495604359535777
MeshCollider:
  m_ObjectHideFlags: 0
  m_CorrespondingSourceObject: {fileID: 0}
  m_PrefabInstance: {fileID: 0}
  m_PrefabAsset: {fileID: 0}
  m_GameObject: {fileID: 2722191617776639733}
  m_Material: {fileID: 0}
  m_IsTrigger: 0
  m_Enabled: 1
  serializedVersion: 4
  m_Convex: 1
  m_CookingOptions: 30
  m_Mesh: {fileID: -5052981130764584753, guid: 8fc27f40f58bdee4b98863bfe3901c21, type: 3}
--- !u!54 &2468256165741562972
Rigidbody:
  m_ObjectHideFlags: 0
  m_CorrespondingSourceObject: {fileID: 0}
  m_PrefabInstance: {fileID: 0}
  m_PrefabAsset: {fileID: 0}
  m_GameObject: {fileID: 7786354883960325356}
  serializedVersion: 2
  m_Mass: 1
  m_Drag: 0
  m_AngularDrag: 0.05
  m_UseGravity: 1
  m_IsKinematic: 1
  m_Interpolate: 0
  m_Constraints: 0
  m_CollisionDetection: 0
--- !u!64 &7673869518759069777
MeshCollider:
  m_ObjectHideFlags: 0
  m_CorrespondingSourceObject: {fileID: 0}
  m_PrefabInstance: {fileID: 0}
  m_PrefabAsset: {fileID: 0}
  m_GameObject: {fileID: 7786354883960325356}
  m_Material: {fileID: 0}
  m_IsTrigger: 0
  m_Enabled: 1
  serializedVersion: 4
  m_Convex: 1
  m_CookingOptions: 30
  m_Mesh: {fileID: -5689301136244831792, guid: 8fc27f40f58bdee4b98863bfe3901c21, type: 3}
--- !u!54 &8408629822152758755
Rigidbody:
  m_ObjectHideFlags: 0
  m_CorrespondingSourceObject: {fileID: 0}
  m_PrefabInstance: {fileID: 0}
  m_PrefabAsset: {fileID: 0}
  m_GameObject: {fileID: 941080959593421286}
  serializedVersion: 2
  m_Mass: 1
  m_Drag: 0
  m_AngularDrag: 0.05
  m_UseGravity: 1
  m_IsKinematic: 1
  m_Interpolate: 0
  m_Constraints: 0
  m_CollisionDetection: 0
--- !u!64 &3439509569193772444
MeshCollider:
  m_ObjectHideFlags: 0
  m_CorrespondingSourceObject: {fileID: 0}
  m_PrefabInstance: {fileID: 0}
  m_PrefabAsset: {fileID: 0}
  m_GameObject: {fileID: 941080959593421286}
  m_Material: {fileID: 0}
  m_IsTrigger: 0
  m_Enabled: 1
  serializedVersion: 4
  m_Convex: 1
  m_CookingOptions: 30
  m_Mesh: {fileID: -6400605213458270322, guid: 8fc27f40f58bdee4b98863bfe3901c21, type: 3}
--- !u!54 &2753478031112735814
Rigidbody:
  m_ObjectHideFlags: 0
  m_CorrespondingSourceObject: {fileID: 0}
  m_PrefabInstance: {fileID: 0}
  m_PrefabAsset: {fileID: 0}
  m_GameObject: {fileID: 1578384531392634126}
  serializedVersion: 2
  m_Mass: 1
  m_Drag: 0
  m_AngularDrag: 0.05
  m_UseGravity: 1
  m_IsKinematic: 1
  m_Interpolate: 0
  m_Constraints: 0
  m_CollisionDetection: 0
--- !u!64 &3937347916764266684
MeshCollider:
  m_ObjectHideFlags: 0
  m_CorrespondingSourceObject: {fileID: 0}
  m_PrefabInstance: {fileID: 0}
  m_PrefabAsset: {fileID: 0}
  m_GameObject: {fileID: 1578384531392634126}
  m_Material: {fileID: 0}
  m_IsTrigger: 0
  m_Enabled: 1
  serializedVersion: 4
  m_Convex: 1
  m_CookingOptions: 30
  m_Mesh: {fileID: -5545607519095855931, guid: 8fc27f40f58bdee4b98863bfe3901c21, type: 3}
--- !u!54 &3131213164038477788
Rigidbody:
  m_ObjectHideFlags: 0
  m_CorrespondingSourceObject: {fileID: 0}
  m_PrefabInstance: {fileID: 0}
  m_PrefabAsset: {fileID: 0}
  m_GameObject: {fileID: 2892786733386769578}
  serializedVersion: 2
  m_Mass: 1
  m_Drag: 0
  m_AngularDrag: 0.05
  m_UseGravity: 1
  m_IsKinematic: 1
  m_Interpolate: 0
  m_Constraints: 0
  m_CollisionDetection: 0
--- !u!64 &8255690554343291423
MeshCollider:
  m_ObjectHideFlags: 0
  m_CorrespondingSourceObject: {fileID: 0}
  m_PrefabInstance: {fileID: 0}
  m_PrefabAsset: {fileID: 0}
  m_GameObject: {fileID: 2892786733386769578}
  m_Material: {fileID: 0}
  m_IsTrigger: 0
  m_Enabled: 1
  serializedVersion: 4
  m_Convex: 1
  m_CookingOptions: 30
  m_Mesh: {fileID: -2315970024543870585, guid: 8fc27f40f58bdee4b98863bfe3901c21, type: 3}
--- !u!54 &1891230092269350803
Rigidbody:
  m_ObjectHideFlags: 0
  m_CorrespondingSourceObject: {fileID: 0}
  m_PrefabInstance: {fileID: 0}
  m_PrefabAsset: {fileID: 0}
  m_GameObject: {fileID: 9059688871825170986}
  serializedVersion: 2
  m_Mass: 1
  m_Drag: 0
  m_AngularDrag: 0.05
  m_UseGravity: 1
  m_IsKinematic: 1
  m_Interpolate: 0
  m_Constraints: 0
  m_CollisionDetection: 0
--- !u!64 &5483321761914768009
MeshCollider:
  m_ObjectHideFlags: 0
  m_CorrespondingSourceObject: {fileID: 0}
  m_PrefabInstance: {fileID: 0}
  m_PrefabAsset: {fileID: 0}
  m_GameObject: {fileID: 9059688871825170986}
  m_Material: {fileID: 0}
  m_IsTrigger: 0
  m_Enabled: 1
  serializedVersion: 4
  m_Convex: 1
  m_CookingOptions: 30
  m_Mesh: {fileID: 3252321091741942249, guid: 8fc27f40f58bdee4b98863bfe3901c21, type: 3}
--- !u!54 &6753015914606114528
Rigidbody:
  m_ObjectHideFlags: 0
  m_CorrespondingSourceObject: {fileID: 0}
  m_PrefabInstance: {fileID: 0}
  m_PrefabAsset: {fileID: 0}
  m_GameObject: {fileID: 6610735808342712316}
  serializedVersion: 2
  m_Mass: 1
  m_Drag: 0
  m_AngularDrag: 0.05
  m_UseGravity: 1
  m_IsKinematic: 1
  m_Interpolate: 0
  m_Constraints: 0
  m_CollisionDetection: 0
--- !u!64 &709698432980096070
MeshCollider:
  m_ObjectHideFlags: 0
  m_CorrespondingSourceObject: {fileID: 0}
  m_PrefabInstance: {fileID: 0}
  m_PrefabAsset: {fileID: 0}
  m_GameObject: {fileID: 6610735808342712316}
  m_Material: {fileID: 0}
  m_IsTrigger: 0
  m_Enabled: 1
  serializedVersion: 4
  m_Convex: 1
  m_CookingOptions: 30
  m_Mesh: {fileID: -3261419790447859202, guid: 8fc27f40f58bdee4b98863bfe3901c21, type: 3}
--- !u!54 &1331345859205910424
Rigidbody:
  m_ObjectHideFlags: 0
  m_CorrespondingSourceObject: {fileID: 0}
  m_PrefabInstance: {fileID: 0}
  m_PrefabAsset: {fileID: 0}
  m_GameObject: {fileID: 3845655294250149103}
  serializedVersion: 2
  m_Mass: 1
  m_Drag: 0
  m_AngularDrag: 0.05
  m_UseGravity: 1
  m_IsKinematic: 1
  m_Interpolate: 0
  m_Constraints: 0
  m_CollisionDetection: 0
--- !u!64 &1218823895443168159
MeshCollider:
  m_ObjectHideFlags: 0
  m_CorrespondingSourceObject: {fileID: 0}
  m_PrefabInstance: {fileID: 0}
  m_PrefabAsset: {fileID: 0}
  m_GameObject: {fileID: 3845655294250149103}
  m_Material: {fileID: 0}
  m_IsTrigger: 0
  m_Enabled: 1
  serializedVersion: 4
  m_Convex: 1
  m_CookingOptions: 30
  m_Mesh: {fileID: 3583219394766168364, guid: 8fc27f40f58bdee4b98863bfe3901c21, type: 3}
--- !u!54 &5629899784951636309
Rigidbody:
  m_ObjectHideFlags: 0
  m_CorrespondingSourceObject: {fileID: 0}
  m_PrefabInstance: {fileID: 0}
  m_PrefabAsset: {fileID: 0}
  m_GameObject: {fileID: 7588142532033726252}
  serializedVersion: 2
  m_Mass: 1
  m_Drag: 0
  m_AngularDrag: 0.05
  m_UseGravity: 1
  m_IsKinematic: 1
  m_Interpolate: 0
  m_Constraints: 0
  m_CollisionDetection: 0
--- !u!64 &7076265479995107084
MeshCollider:
  m_ObjectHideFlags: 0
  m_CorrespondingSourceObject: {fileID: 0}
  m_PrefabInstance: {fileID: 0}
  m_PrefabAsset: {fileID: 0}
  m_GameObject: {fileID: 7588142532033726252}
  m_Material: {fileID: 0}
  m_IsTrigger: 0
  m_Enabled: 1
  serializedVersion: 4
  m_Convex: 1
  m_CookingOptions: 30
  m_Mesh: {fileID: 6010963204981805681, guid: 8fc27f40f58bdee4b98863bfe3901c21, type: 3}
--- !u!54 &1942091270322402874
Rigidbody:
  m_ObjectHideFlags: 0
  m_CorrespondingSourceObject: {fileID: 0}
  m_PrefabInstance: {fileID: 0}
  m_PrefabAsset: {fileID: 0}
  m_GameObject: {fileID: 7304434005842376776}
  serializedVersion: 2
  m_Mass: 1
  m_Drag: 0
  m_AngularDrag: 0.05
  m_UseGravity: 1
  m_IsKinematic: 1
  m_Interpolate: 0
  m_Constraints: 0
  m_CollisionDetection: 0
--- !u!64 &9058387652601470190
MeshCollider:
  m_ObjectHideFlags: 0
  m_CorrespondingSourceObject: {fileID: 0}
  m_PrefabInstance: {fileID: 0}
  m_PrefabAsset: {fileID: 0}
  m_GameObject: {fileID: 7304434005842376776}
  m_Material: {fileID: 0}
  m_IsTrigger: 0
  m_Enabled: 1
  serializedVersion: 4
  m_Convex: 1
  m_CookingOptions: 30
  m_Mesh: {fileID: 118834181715921397, guid: 8fc27f40f58bdee4b98863bfe3901c21, type: 3}
--- !u!54 &1756756543313145876
Rigidbody:
  m_ObjectHideFlags: 0
  m_CorrespondingSourceObject: {fileID: 0}
  m_PrefabInstance: {fileID: 0}
  m_PrefabAsset: {fileID: 0}
  m_GameObject: {fileID: 4311371163888954877}
  serializedVersion: 2
  m_Mass: 1
  m_Drag: 0
  m_AngularDrag: 0.05
  m_UseGravity: 1
  m_IsKinematic: 1
  m_Interpolate: 0
  m_Constraints: 0
  m_CollisionDetection: 0
--- !u!64 &7692093068632986481
MeshCollider:
  m_ObjectHideFlags: 0
  m_CorrespondingSourceObject: {fileID: 0}
  m_PrefabInstance: {fileID: 0}
  m_PrefabAsset: {fileID: 0}
  m_GameObject: {fileID: 4311371163888954877}
  m_Material: {fileID: 0}
  m_IsTrigger: 0
  m_Enabled: 1
  serializedVersion: 4
  m_Convex: 1
  m_CookingOptions: 30
  m_Mesh: {fileID: 3096322860215648676, guid: 8fc27f40f58bdee4b98863bfe3901c21, type: 3}
--- !u!54 &2731453198009881551
Rigidbody:
  m_ObjectHideFlags: 0
  m_CorrespondingSourceObject: {fileID: 0}
  m_PrefabInstance: {fileID: 0}
  m_PrefabAsset: {fileID: 0}
  m_GameObject: {fileID: 2113511573281681576}
  serializedVersion: 2
  m_Mass: 1
  m_Drag: 0
  m_AngularDrag: 0.05
  m_UseGravity: 1
  m_IsKinematic: 1
  m_Interpolate: 0
  m_Constraints: 0
  m_CollisionDetection: 0
--- !u!64 &2864263771325915556
MeshCollider:
  m_ObjectHideFlags: 0
  m_CorrespondingSourceObject: {fileID: 0}
  m_PrefabInstance: {fileID: 0}
  m_PrefabAsset: {fileID: 0}
  m_GameObject: {fileID: 2113511573281681576}
  m_Material: {fileID: 0}
  m_IsTrigger: 0
  m_Enabled: 1
  serializedVersion: 4
  m_Convex: 1
  m_CookingOptions: 30
  m_Mesh: {fileID: 2820940364123517277, guid: 8fc27f40f58bdee4b98863bfe3901c21, type: 3}
--- !u!54 &2124068639248410855
Rigidbody:
  m_ObjectHideFlags: 0
  m_CorrespondingSourceObject: {fileID: 0}
  m_PrefabInstance: {fileID: 0}
  m_PrefabAsset: {fileID: 0}
  m_GameObject: {fileID: 341760389898824914}
  serializedVersion: 2
  m_Mass: 1
  m_Drag: 0
  m_AngularDrag: 0.05
  m_UseGravity: 1
  m_IsKinematic: 1
  m_Interpolate: 0
  m_Constraints: 0
  m_CollisionDetection: 0
--- !u!64 &2904888144412545807
MeshCollider:
  m_ObjectHideFlags: 0
  m_CorrespondingSourceObject: {fileID: 0}
  m_PrefabInstance: {fileID: 0}
  m_PrefabAsset: {fileID: 0}
  m_GameObject: {fileID: 341760389898824914}
  m_Material: {fileID: 0}
  m_IsTrigger: 0
  m_Enabled: 1
  serializedVersion: 4
  m_Convex: 1
  m_CookingOptions: 30
  m_Mesh: {fileID: 4739698998410564215, guid: 8fc27f40f58bdee4b98863bfe3901c21, type: 3}
--- !u!54 &3128763178959894994
Rigidbody:
  m_ObjectHideFlags: 0
  m_CorrespondingSourceObject: {fileID: 0}
  m_PrefabInstance: {fileID: 0}
  m_PrefabAsset: {fileID: 0}
  m_GameObject: {fileID: 1059057098538631023}
  serializedVersion: 2
  m_Mass: 1
  m_Drag: 0
  m_AngularDrag: 0.05
  m_UseGravity: 1
  m_IsKinematic: 1
  m_Interpolate: 0
  m_Constraints: 0
  m_CollisionDetection: 0
--- !u!64 &7287790709187830985
MeshCollider:
  m_ObjectHideFlags: 0
  m_CorrespondingSourceObject: {fileID: 0}
  m_PrefabInstance: {fileID: 0}
  m_PrefabAsset: {fileID: 0}
  m_GameObject: {fileID: 1059057098538631023}
  m_Material: {fileID: 0}
  m_IsTrigger: 0
  m_Enabled: 1
  serializedVersion: 4
  m_Convex: 1
  m_CookingOptions: 30
  m_Mesh: {fileID: 4073523338108796752, guid: 8fc27f40f58bdee4b98863bfe3901c21, type: 3}
--- !u!54 &6149681551227259609
Rigidbody:
  m_ObjectHideFlags: 0
  m_CorrespondingSourceObject: {fileID: 0}
  m_PrefabInstance: {fileID: 0}
  m_PrefabAsset: {fileID: 0}
  m_GameObject: {fileID: 7327205782727696694}
  serializedVersion: 2
  m_Mass: 1
  m_Drag: 0
  m_AngularDrag: 0.05
  m_UseGravity: 1
  m_IsKinematic: 1
  m_Interpolate: 0
  m_Constraints: 0
  m_CollisionDetection: 0
--- !u!64 &2921125465337265110
MeshCollider:
  m_ObjectHideFlags: 0
  m_CorrespondingSourceObject: {fileID: 0}
  m_PrefabInstance: {fileID: 0}
  m_PrefabAsset: {fileID: 0}
  m_GameObject: {fileID: 7327205782727696694}
  m_Material: {fileID: 0}
  m_IsTrigger: 0
  m_Enabled: 1
  serializedVersion: 4
  m_Convex: 1
  m_CookingOptions: 30
  m_Mesh: {fileID: -4717801329947625383, guid: 8fc27f40f58bdee4b98863bfe3901c21, type: 3}
--- !u!54 &6700540828516198757
Rigidbody:
  m_ObjectHideFlags: 0
  m_CorrespondingSourceObject: {fileID: 0}
  m_PrefabInstance: {fileID: 0}
  m_PrefabAsset: {fileID: 0}
  m_GameObject: {fileID: 8946049816013005800}
  serializedVersion: 2
  m_Mass: 1
  m_Drag: 0
  m_AngularDrag: 0.05
  m_UseGravity: 1
  m_IsKinematic: 1
  m_Interpolate: 0
  m_Constraints: 0
  m_CollisionDetection: 0
--- !u!64 &701049083964977735
MeshCollider:
  m_ObjectHideFlags: 0
  m_CorrespondingSourceObject: {fileID: 0}
  m_PrefabInstance: {fileID: 0}
  m_PrefabAsset: {fileID: 0}
  m_GameObject: {fileID: 8946049816013005800}
  m_Material: {fileID: 0}
  m_IsTrigger: 0
  m_Enabled: 1
  serializedVersion: 4
  m_Convex: 1
  m_CookingOptions: 30
  m_Mesh: {fileID: -7269347670934388150, guid: 8fc27f40f58bdee4b98863bfe3901c21, type: 3}
--- !u!54 &5134737235433695043
Rigidbody:
  m_ObjectHideFlags: 0
  m_CorrespondingSourceObject: {fileID: 0}
  m_PrefabInstance: {fileID: 0}
  m_PrefabAsset: {fileID: 0}
  m_GameObject: {fileID: 4094297414466526651}
  serializedVersion: 2
  m_Mass: 1
  m_Drag: 0
  m_AngularDrag: 0.05
  m_UseGravity: 1
  m_IsKinematic: 1
  m_Interpolate: 0
  m_Constraints: 0
  m_CollisionDetection: 0
--- !u!64 &6384492911154711911
MeshCollider:
  m_ObjectHideFlags: 0
  m_CorrespondingSourceObject: {fileID: 0}
  m_PrefabInstance: {fileID: 0}
  m_PrefabAsset: {fileID: 0}
  m_GameObject: {fileID: 4094297414466526651}
  m_Material: {fileID: 0}
  m_IsTrigger: 0
  m_Enabled: 1
  serializedVersion: 4
  m_Convex: 1
  m_CookingOptions: 30
  m_Mesh: {fileID: -6997636015342942507, guid: 8fc27f40f58bdee4b98863bfe3901c21, type: 3}
--- !u!54 &4464518707410752990
Rigidbody:
  m_ObjectHideFlags: 0
  m_CorrespondingSourceObject: {fileID: 0}
  m_PrefabInstance: {fileID: 0}
  m_PrefabAsset: {fileID: 0}
  m_GameObject: {fileID: 2704863789514844766}
  serializedVersion: 2
  m_Mass: 1
  m_Drag: 0
  m_AngularDrag: 0.05
  m_UseGravity: 1
  m_IsKinematic: 1
  m_Interpolate: 0
  m_Constraints: 0
  m_CollisionDetection: 0
--- !u!64 &5363499222137019775
MeshCollider:
  m_ObjectHideFlags: 0
  m_CorrespondingSourceObject: {fileID: 0}
  m_PrefabInstance: {fileID: 0}
  m_PrefabAsset: {fileID: 0}
  m_GameObject: {fileID: 2704863789514844766}
  m_Material: {fileID: 0}
  m_IsTrigger: 0
  m_Enabled: 1
  serializedVersion: 4
  m_Convex: 1
  m_CookingOptions: 30
  m_Mesh: {fileID: 7388260260902463680, guid: 8fc27f40f58bdee4b98863bfe3901c21, type: 3}
--- !u!54 &3796223026025149652
Rigidbody:
  m_ObjectHideFlags: 0
  m_CorrespondingSourceObject: {fileID: 0}
  m_PrefabInstance: {fileID: 0}
  m_PrefabAsset: {fileID: 0}
  m_GameObject: {fileID: 8127530159146820559}
  serializedVersion: 2
  m_Mass: 1
  m_Drag: 0
  m_AngularDrag: 0.05
  m_UseGravity: 1
  m_IsKinematic: 1
  m_Interpolate: 0
  m_Constraints: 0
  m_CollisionDetection: 0
--- !u!64 &2837657277896943540
MeshCollider:
  m_ObjectHideFlags: 0
  m_CorrespondingSourceObject: {fileID: 0}
  m_PrefabInstance: {fileID: 0}
  m_PrefabAsset: {fileID: 0}
  m_GameObject: {fileID: 8127530159146820559}
  m_Material: {fileID: 0}
  m_IsTrigger: 0
  m_Enabled: 1
  serializedVersion: 4
  m_Convex: 1
  m_CookingOptions: 30
  m_Mesh: {fileID: -8025907359241935064, guid: 8fc27f40f58bdee4b98863bfe3901c21, type: 3}
--- !u!54 &4040247084615962899
Rigidbody:
  m_ObjectHideFlags: 0
  m_CorrespondingSourceObject: {fileID: 0}
  m_PrefabInstance: {fileID: 0}
  m_PrefabAsset: {fileID: 0}
  m_GameObject: {fileID: 6927458345986591127}
  serializedVersion: 2
  m_Mass: 1
  m_Drag: 0
  m_AngularDrag: 0.05
  m_UseGravity: 1
  m_IsKinematic: 1
  m_Interpolate: 0
  m_Constraints: 0
  m_CollisionDetection: 0
--- !u!64 &1659742805290661595
MeshCollider:
  m_ObjectHideFlags: 0
  m_CorrespondingSourceObject: {fileID: 0}
  m_PrefabInstance: {fileID: 0}
  m_PrefabAsset: {fileID: 0}
  m_GameObject: {fileID: 6927458345986591127}
  m_Material: {fileID: 0}
  m_IsTrigger: 0
  m_Enabled: 1
  serializedVersion: 4
  m_Convex: 1
  m_CookingOptions: 30
  m_Mesh: {fileID: -4432669424148045713, guid: 8fc27f40f58bdee4b98863bfe3901c21, type: 3}
--- !u!54 &1243510465558549020
Rigidbody:
  m_ObjectHideFlags: 0
  m_CorrespondingSourceObject: {fileID: 0}
  m_PrefabInstance: {fileID: 0}
  m_PrefabAsset: {fileID: 0}
  m_GameObject: {fileID: 7494352485535581660}
  serializedVersion: 2
  m_Mass: 1
  m_Drag: 0
  m_AngularDrag: 0.05
  m_UseGravity: 1
  m_IsKinematic: 1
  m_Interpolate: 0
  m_Constraints: 0
  m_CollisionDetection: 0
--- !u!64 &5041917535391642051
MeshCollider:
  m_ObjectHideFlags: 0
  m_CorrespondingSourceObject: {fileID: 0}
  m_PrefabInstance: {fileID: 0}
  m_PrefabAsset: {fileID: 0}
  m_GameObject: {fileID: 7494352485535581660}
  m_Material: {fileID: 0}
  m_IsTrigger: 0
  m_Enabled: 1
  serializedVersion: 4
  m_Convex: 1
  m_CookingOptions: 30
  m_Mesh: {fileID: -8293473198029687764, guid: 8fc27f40f58bdee4b98863bfe3901c21, type: 3}
--- !u!54 &2070432283724926792
Rigidbody:
  m_ObjectHideFlags: 0
  m_CorrespondingSourceObject: {fileID: 0}
  m_PrefabInstance: {fileID: 0}
  m_PrefabAsset: {fileID: 0}
  m_GameObject: {fileID: 7962741118846742201}
  serializedVersion: 2
  m_Mass: 1
  m_Drag: 0
  m_AngularDrag: 0.05
  m_UseGravity: 1
  m_IsKinematic: 1
  m_Interpolate: 0
  m_Constraints: 0
  m_CollisionDetection: 0
--- !u!64 &4933940134979980236
MeshCollider:
  m_ObjectHideFlags: 0
  m_CorrespondingSourceObject: {fileID: 0}
  m_PrefabInstance: {fileID: 0}
  m_PrefabAsset: {fileID: 0}
  m_GameObject: {fileID: 7962741118846742201}
  m_Material: {fileID: 0}
  m_IsTrigger: 0
  m_Enabled: 1
  serializedVersion: 4
  m_Convex: 1
  m_CookingOptions: 30
  m_Mesh: {fileID: -9089697404451909125, guid: 8fc27f40f58bdee4b98863bfe3901c21, type: 3}
--- !u!54 &2397580495689348909
Rigidbody:
  m_ObjectHideFlags: 0
  m_CorrespondingSourceObject: {fileID: 0}
  m_PrefabInstance: {fileID: 0}
  m_PrefabAsset: {fileID: 0}
  m_GameObject: {fileID: 2046017163099727313}
  serializedVersion: 2
  m_Mass: 1
  m_Drag: 0
  m_AngularDrag: 0.05
  m_UseGravity: 1
  m_IsKinematic: 1
  m_Interpolate: 0
  m_Constraints: 0
  m_CollisionDetection: 0
--- !u!64 &472636421912778596
MeshCollider:
  m_ObjectHideFlags: 0
  m_CorrespondingSourceObject: {fileID: 0}
  m_PrefabInstance: {fileID: 0}
  m_PrefabAsset: {fileID: 0}
  m_GameObject: {fileID: 2046017163099727313}
  m_Material: {fileID: 0}
  m_IsTrigger: 0
  m_Enabled: 1
  serializedVersion: 4
  m_Convex: 1
  m_CookingOptions: 30
  m_Mesh: {fileID: -9170438106013997121, guid: 8fc27f40f58bdee4b98863bfe3901c21, type: 3}
--- !u!54 &6491996986125643309
Rigidbody:
  m_ObjectHideFlags: 0
  m_CorrespondingSourceObject: {fileID: 0}
  m_PrefabInstance: {fileID: 0}
  m_PrefabAsset: {fileID: 0}
  m_GameObject: {fileID: 5577339193947658010}
  serializedVersion: 2
  m_Mass: 1
  m_Drag: 0
  m_AngularDrag: 0.05
  m_UseGravity: 1
  m_IsKinematic: 1
  m_Interpolate: 0
  m_Constraints: 0
  m_CollisionDetection: 0
--- !u!64 &2251496171945767330
MeshCollider:
  m_ObjectHideFlags: 0
  m_CorrespondingSourceObject: {fileID: 0}
  m_PrefabInstance: {fileID: 0}
  m_PrefabAsset: {fileID: 0}
  m_GameObject: {fileID: 5577339193947658010}
  m_Material: {fileID: 0}
  m_IsTrigger: 0
  m_Enabled: 1
  serializedVersion: 4
  m_Convex: 1
  m_CookingOptions: 30
  m_Mesh: {fileID: 4815818924014235860, guid: 8fc27f40f58bdee4b98863bfe3901c21, type: 3}
--- !u!54 &9142244665784128357
Rigidbody:
  m_ObjectHideFlags: 0
  m_CorrespondingSourceObject: {fileID: 0}
  m_PrefabInstance: {fileID: 0}
  m_PrefabAsset: {fileID: 0}
  m_GameObject: {fileID: 1100038968854782522}
  serializedVersion: 2
  m_Mass: 1
  m_Drag: 0
  m_AngularDrag: 0.05
  m_UseGravity: 1
  m_IsKinematic: 1
  m_Interpolate: 0
  m_Constraints: 0
  m_CollisionDetection: 0
--- !u!64 &1282953944305906666
MeshCollider:
  m_ObjectHideFlags: 0
  m_CorrespondingSourceObject: {fileID: 0}
  m_PrefabInstance: {fileID: 0}
  m_PrefabAsset: {fileID: 0}
  m_GameObject: {fileID: 1100038968854782522}
  m_Material: {fileID: 0}
  m_IsTrigger: 0
  m_Enabled: 1
  serializedVersion: 4
  m_Convex: 1
  m_CookingOptions: 30
  m_Mesh: {fileID: 1489053125844144464, guid: 8fc27f40f58bdee4b98863bfe3901c21, type: 3}
--- !u!54 &2444803282890395138
Rigidbody:
  m_ObjectHideFlags: 0
  m_CorrespondingSourceObject: {fileID: 0}
  m_PrefabInstance: {fileID: 0}
  m_PrefabAsset: {fileID: 0}
  m_GameObject: {fileID: 4051562756113135888}
  serializedVersion: 2
  m_Mass: 1
  m_Drag: 0
  m_AngularDrag: 0.05
  m_UseGravity: 1
  m_IsKinematic: 1
  m_Interpolate: 0
  m_Constraints: 0
  m_CollisionDetection: 0
--- !u!64 &642066867242689533
MeshCollider:
  m_ObjectHideFlags: 0
  m_CorrespondingSourceObject: {fileID: 0}
  m_PrefabInstance: {fileID: 0}
  m_PrefabAsset: {fileID: 0}
  m_GameObject: {fileID: 4051562756113135888}
  m_Material: {fileID: 0}
  m_IsTrigger: 0
  m_Enabled: 1
  serializedVersion: 4
  m_Convex: 1
  m_CookingOptions: 30
  m_Mesh: {fileID: 4955442811021644630, guid: 8fc27f40f58bdee4b98863bfe3901c21, type: 3}
--- !u!54 &3805625223887345532
Rigidbody:
  m_ObjectHideFlags: 0
  m_CorrespondingSourceObject: {fileID: 0}
  m_PrefabInstance: {fileID: 0}
  m_PrefabAsset: {fileID: 0}
  m_GameObject: {fileID: 1851576699366372065}
  serializedVersion: 2
  m_Mass: 1
  m_Drag: 0
  m_AngularDrag: 0.05
  m_UseGravity: 1
  m_IsKinematic: 1
  m_Interpolate: 0
  m_Constraints: 0
  m_CollisionDetection: 0
--- !u!64 &2456798309483860286
MeshCollider:
  m_ObjectHideFlags: 0
  m_CorrespondingSourceObject: {fileID: 0}
  m_PrefabInstance: {fileID: 0}
  m_PrefabAsset: {fileID: 0}
  m_GameObject: {fileID: 1851576699366372065}
  m_Material: {fileID: 0}
  m_IsTrigger: 0
  m_Enabled: 1
  serializedVersion: 4
  m_Convex: 1
  m_CookingOptions: 30
  m_Mesh: {fileID: 5330873534094099440, guid: 8fc27f40f58bdee4b98863bfe3901c21, type: 3}
--- !u!54 &1092635752345427267
Rigidbody:
  m_ObjectHideFlags: 0
  m_CorrespondingSourceObject: {fileID: 0}
  m_PrefabInstance: {fileID: 0}
  m_PrefabAsset: {fileID: 0}
  m_GameObject: {fileID: 5258492459011452060}
  serializedVersion: 2
  m_Mass: 1
  m_Drag: 0
  m_AngularDrag: 0.05
  m_UseGravity: 1
  m_IsKinematic: 1
  m_Interpolate: 0
  m_Constraints: 0
  m_CollisionDetection: 0
--- !u!64 &2297037792083352656
MeshCollider:
  m_ObjectHideFlags: 0
  m_CorrespondingSourceObject: {fileID: 0}
  m_PrefabInstance: {fileID: 0}
  m_PrefabAsset: {fileID: 0}
  m_GameObject: {fileID: 5258492459011452060}
  m_Material: {fileID: 0}
  m_IsTrigger: 0
  m_Enabled: 1
  serializedVersion: 4
  m_Convex: 1
  m_CookingOptions: 30
  m_Mesh: {fileID: 4719116695005056154, guid: 8fc27f40f58bdee4b98863bfe3901c21, type: 3}
--- !u!54 &7042935611323243310
Rigidbody:
  m_ObjectHideFlags: 0
  m_CorrespondingSourceObject: {fileID: 0}
  m_PrefabInstance: {fileID: 0}
  m_PrefabAsset: {fileID: 0}
  m_GameObject: {fileID: 9038816560362771192}
  serializedVersion: 2
  m_Mass: 1
  m_Drag: 0
  m_AngularDrag: 0.05
  m_UseGravity: 1
  m_IsKinematic: 1
  m_Interpolate: 0
  m_Constraints: 0
  m_CollisionDetection: 0
--- !u!64 &151357300033553062
MeshCollider:
  m_ObjectHideFlags: 0
  m_CorrespondingSourceObject: {fileID: 0}
  m_PrefabInstance: {fileID: 0}
  m_PrefabAsset: {fileID: 0}
  m_GameObject: {fileID: 9038816560362771192}
  m_Material: {fileID: 0}
  m_IsTrigger: 0
  m_Enabled: 1
  serializedVersion: 4
  m_Convex: 1
  m_CookingOptions: 30
  m_Mesh: {fileID: 2387269194223326128, guid: 8fc27f40f58bdee4b98863bfe3901c21, type: 3}
--- !u!54 &2007789168657479266
Rigidbody:
  m_ObjectHideFlags: 0
  m_CorrespondingSourceObject: {fileID: 0}
  m_PrefabInstance: {fileID: 0}
  m_PrefabAsset: {fileID: 0}
  m_GameObject: {fileID: 6685401675796983815}
  serializedVersion: 2
  m_Mass: 1
  m_Drag: 0
  m_AngularDrag: 0.05
  m_UseGravity: 1
  m_IsKinematic: 1
  m_Interpolate: 0
  m_Constraints: 0
  m_CollisionDetection: 0
--- !u!64 &4230998325300666317
MeshCollider:
  m_ObjectHideFlags: 0
  m_CorrespondingSourceObject: {fileID: 0}
  m_PrefabInstance: {fileID: 0}
  m_PrefabAsset: {fileID: 0}
  m_GameObject: {fileID: 6685401675796983815}
  m_Material: {fileID: 0}
  m_IsTrigger: 0
  m_Enabled: 1
  serializedVersion: 4
  m_Convex: 1
  m_CookingOptions: 30
  m_Mesh: {fileID: -3984335364620735804, guid: 8fc27f40f58bdee4b98863bfe3901c21, type: 3}
--- !u!54 &1383585516106336272
Rigidbody:
  m_ObjectHideFlags: 0
  m_CorrespondingSourceObject: {fileID: 0}
  m_PrefabInstance: {fileID: 0}
  m_PrefabAsset: {fileID: 0}
  m_GameObject: {fileID: 4541415969153027928}
  serializedVersion: 2
  m_Mass: 1
  m_Drag: 0
  m_AngularDrag: 0.05
  m_UseGravity: 1
  m_IsKinematic: 1
  m_Interpolate: 0
  m_Constraints: 0
  m_CollisionDetection: 0
--- !u!64 &4999484996455656843
MeshCollider:
  m_ObjectHideFlags: 0
  m_CorrespondingSourceObject: {fileID: 0}
  m_PrefabInstance: {fileID: 0}
  m_PrefabAsset: {fileID: 0}
  m_GameObject: {fileID: 4541415969153027928}
  m_Material: {fileID: 0}
  m_IsTrigger: 0
  m_Enabled: 1
  serializedVersion: 4
  m_Convex: 1
  m_CookingOptions: 30
  m_Mesh: {fileID: 2719595673077938851, guid: 8fc27f40f58bdee4b98863bfe3901c21, type: 3}
--- !u!54 &2397179331760981398
Rigidbody:
  m_ObjectHideFlags: 0
  m_CorrespondingSourceObject: {fileID: 0}
  m_PrefabInstance: {fileID: 0}
  m_PrefabAsset: {fileID: 0}
  m_GameObject: {fileID: 8107460892902031903}
  serializedVersion: 2
  m_Mass: 1
  m_Drag: 0
  m_AngularDrag: 0.05
  m_UseGravity: 1
  m_IsKinematic: 1
  m_Interpolate: 0
  m_Constraints: 0
  m_CollisionDetection: 0
--- !u!64 &883903231043873656
MeshCollider:
  m_ObjectHideFlags: 0
  m_CorrespondingSourceObject: {fileID: 0}
  m_PrefabInstance: {fileID: 0}
  m_PrefabAsset: {fileID: 0}
  m_GameObject: {fileID: 8107460892902031903}
  m_Material: {fileID: 0}
  m_IsTrigger: 0
  m_Enabled: 1
  serializedVersion: 4
  m_Convex: 1
  m_CookingOptions: 30
  m_Mesh: {fileID: -2637326514765112413, guid: 8fc27f40f58bdee4b98863bfe3901c21, type: 3}
--- !u!54 &3754114319505735989
Rigidbody:
  m_ObjectHideFlags: 0
  m_CorrespondingSourceObject: {fileID: 0}
  m_PrefabInstance: {fileID: 0}
  m_PrefabAsset: {fileID: 0}
  m_GameObject: {fileID: 5903004388085987599}
  serializedVersion: 2
  m_Mass: 1
  m_Drag: 0
  m_AngularDrag: 0.05
  m_UseGravity: 1
  m_IsKinematic: 1
  m_Interpolate: 0
  m_Constraints: 0
  m_CollisionDetection: 0
--- !u!64 &8266556957668715397
MeshCollider:
  m_ObjectHideFlags: 0
  m_CorrespondingSourceObject: {fileID: 0}
  m_PrefabInstance: {fileID: 0}
  m_PrefabAsset: {fileID: 0}
  m_GameObject: {fileID: 5903004388085987599}
  m_Material: {fileID: 0}
  m_IsTrigger: 0
  m_Enabled: 1
  serializedVersion: 4
  m_Convex: 1
  m_CookingOptions: 30
  m_Mesh: {fileID: 5704221483570578413, guid: 8fc27f40f58bdee4b98863bfe3901c21, type: 3}
--- !u!54 &4566370057488449256
Rigidbody:
  m_ObjectHideFlags: 0
  m_CorrespondingSourceObject: {fileID: 0}
  m_PrefabInstance: {fileID: 0}
  m_PrefabAsset: {fileID: 0}
  m_GameObject: {fileID: 4525407821688163845}
  serializedVersion: 2
  m_Mass: 1
  m_Drag: 0
  m_AngularDrag: 0.05
  m_UseGravity: 1
  m_IsKinematic: 1
  m_Interpolate: 0
  m_Constraints: 0
  m_CollisionDetection: 0
--- !u!64 &1348125667279842422
MeshCollider:
  m_ObjectHideFlags: 0
  m_CorrespondingSourceObject: {fileID: 0}
  m_PrefabInstance: {fileID: 0}
  m_PrefabAsset: {fileID: 0}
  m_GameObject: {fileID: 4525407821688163845}
  m_Material: {fileID: 0}
  m_IsTrigger: 0
  m_Enabled: 1
  serializedVersion: 4
  m_Convex: 1
  m_CookingOptions: 30
  m_Mesh: {fileID: -8526429252436441726, guid: 8fc27f40f58bdee4b98863bfe3901c21, type: 3}
--- !u!54 &1251888585233696180
Rigidbody:
  m_ObjectHideFlags: 0
  m_CorrespondingSourceObject: {fileID: 0}
  m_PrefabInstance: {fileID: 0}
  m_PrefabAsset: {fileID: 0}
  m_GameObject: {fileID: 2144225941503137946}
  serializedVersion: 2
  m_Mass: 1
  m_Drag: 0
  m_AngularDrag: 0.05
  m_UseGravity: 1
  m_IsKinematic: 1
  m_Interpolate: 0
  m_Constraints: 0
  m_CollisionDetection: 0
--- !u!64 &3150983191333682457
MeshCollider:
  m_ObjectHideFlags: 0
  m_CorrespondingSourceObject: {fileID: 0}
  m_PrefabInstance: {fileID: 0}
  m_PrefabAsset: {fileID: 0}
  m_GameObject: {fileID: 2144225941503137946}
  m_Material: {fileID: 0}
  m_IsTrigger: 0
  m_Enabled: 1
  serializedVersion: 4
  m_Convex: 1
  m_CookingOptions: 30
  m_Mesh: {fileID: -5080806923677909504, guid: 8fc27f40f58bdee4b98863bfe3901c21, type: 3}
--- !u!54 &8775811807203675647
Rigidbody:
  m_ObjectHideFlags: 0
  m_CorrespondingSourceObject: {fileID: 0}
  m_PrefabInstance: {fileID: 0}
  m_PrefabAsset: {fileID: 0}
  m_GameObject: {fileID: 3073571281491775734}
  serializedVersion: 2
  m_Mass: 1
  m_Drag: 0
  m_AngularDrag: 0.05
  m_UseGravity: 1
  m_IsKinematic: 1
  m_Interpolate: 0
  m_Constraints: 0
  m_CollisionDetection: 0
--- !u!64 &6277064400475431007
MeshCollider:
  m_ObjectHideFlags: 0
  m_CorrespondingSourceObject: {fileID: 0}
  m_PrefabInstance: {fileID: 0}
  m_PrefabAsset: {fileID: 0}
  m_GameObject: {fileID: 3073571281491775734}
  m_Material: {fileID: 0}
  m_IsTrigger: 0
  m_Enabled: 1
  serializedVersion: 4
  m_Convex: 1
  m_CookingOptions: 30
  m_Mesh: {fileID: 813564413189988655, guid: 8fc27f40f58bdee4b98863bfe3901c21, type: 3}
--- !u!54 &2953132721882259525
Rigidbody:
  m_ObjectHideFlags: 0
  m_CorrespondingSourceObject: {fileID: 0}
  m_PrefabInstance: {fileID: 0}
  m_PrefabAsset: {fileID: 0}
  m_GameObject: {fileID: 6967411754310031246}
  serializedVersion: 2
  m_Mass: 1
  m_Drag: 0
  m_AngularDrag: 0.05
  m_UseGravity: 1
  m_IsKinematic: 1
  m_Interpolate: 0
  m_Constraints: 0
  m_CollisionDetection: 0
--- !u!64 &6707561077249006823
MeshCollider:
  m_ObjectHideFlags: 0
  m_CorrespondingSourceObject: {fileID: 0}
  m_PrefabInstance: {fileID: 0}
  m_PrefabAsset: {fileID: 0}
  m_GameObject: {fileID: 6967411754310031246}
  m_Material: {fileID: 0}
  m_IsTrigger: 0
  m_Enabled: 1
  serializedVersion: 4
  m_Convex: 1
  m_CookingOptions: 30
  m_Mesh: {fileID: 1477911830775641383, guid: 8fc27f40f58bdee4b98863bfe3901c21, type: 3}
--- !u!54 &230545048674994795
Rigidbody:
  m_ObjectHideFlags: 0
  m_CorrespondingSourceObject: {fileID: 0}
  m_PrefabInstance: {fileID: 0}
  m_PrefabAsset: {fileID: 0}
  m_GameObject: {fileID: 9122386561771900303}
  serializedVersion: 2
  m_Mass: 1
  m_Drag: 0
  m_AngularDrag: 0.05
  m_UseGravity: 1
  m_IsKinematic: 1
  m_Interpolate: 0
  m_Constraints: 0
  m_CollisionDetection: 0
--- !u!64 &9214047550232361621
MeshCollider:
  m_ObjectHideFlags: 0
  m_CorrespondingSourceObject: {fileID: 0}
  m_PrefabInstance: {fileID: 0}
  m_PrefabAsset: {fileID: 0}
  m_GameObject: {fileID: 9122386561771900303}
  m_Material: {fileID: 0}
  m_IsTrigger: 0
  m_Enabled: 1
  serializedVersion: 4
  m_Convex: 1
  m_CookingOptions: 30
  m_Mesh: {fileID: -8739879925759219421, guid: 8fc27f40f58bdee4b98863bfe3901c21, type: 3}
--- !u!1001 &3330140948872453210
PrefabInstance:
  m_ObjectHideFlags: 0
  serializedVersion: 2
  m_Modification:
    m_TransformParent: {fileID: 0}
    m_Modifications:
    - target: {fileID: -9109442176226338521, guid: 8fc27f40f58bdee4b98863bfe3901c21, type: 3}
      propertyPath: m_Materials.Array.data[0]
      value: 
      objectReference: {fileID: 2100000, guid: af19c034d5cca6542a234e64be4e980a, type: 2}
    - target: {fileID: -8736637523584626836, guid: 8fc27f40f58bdee4b98863bfe3901c21, type: 3}
      propertyPath: m_Materials.Array.data[0]
      value: 
      objectReference: {fileID: 2100000, guid: af19c034d5cca6542a234e64be4e980a, type: 2}
    - target: {fileID: -8718001919383712307, guid: 8fc27f40f58bdee4b98863bfe3901c21, type: 3}
      propertyPath: m_Materials.Array.data[0]
      value: 
      objectReference: {fileID: 2100000, guid: af19c034d5cca6542a234e64be4e980a, type: 2}
    - target: {fileID: -8679921383154817045, guid: 8fc27f40f58bdee4b98863bfe3901c21, type: 3}
      propertyPath: m_RootOrder
      value: 0
      objectReference: {fileID: 0}
    - target: {fileID: -8679921383154817045, guid: 8fc27f40f58bdee4b98863bfe3901c21, type: 3}
      propertyPath: m_LocalPosition.x
      value: 0
      objectReference: {fileID: 0}
    - target: {fileID: -8679921383154817045, guid: 8fc27f40f58bdee4b98863bfe3901c21, type: 3}
      propertyPath: m_LocalPosition.y
      value: 0
      objectReference: {fileID: 0}
    - target: {fileID: -8679921383154817045, guid: 8fc27f40f58bdee4b98863bfe3901c21, type: 3}
      propertyPath: m_LocalPosition.z
      value: 0
      objectReference: {fileID: 0}
    - target: {fileID: -8679921383154817045, guid: 8fc27f40f58bdee4b98863bfe3901c21, type: 3}
      propertyPath: m_LocalRotation.w
      value: 1
      objectReference: {fileID: 0}
    - target: {fileID: -8679921383154817045, guid: 8fc27f40f58bdee4b98863bfe3901c21, type: 3}
      propertyPath: m_LocalRotation.x
      value: 0
      objectReference: {fileID: 0}
    - target: {fileID: -8679921383154817045, guid: 8fc27f40f58bdee4b98863bfe3901c21, type: 3}
      propertyPath: m_LocalRotation.y
      value: 0
      objectReference: {fileID: 0}
    - target: {fileID: -8679921383154817045, guid: 8fc27f40f58bdee4b98863bfe3901c21, type: 3}
      propertyPath: m_LocalRotation.z
      value: 0
      objectReference: {fileID: 0}
    - target: {fileID: -8679921383154817045, guid: 8fc27f40f58bdee4b98863bfe3901c21, type: 3}
      propertyPath: m_LocalEulerAnglesHint.x
      value: 0
      objectReference: {fileID: 0}
    - target: {fileID: -8679921383154817045, guid: 8fc27f40f58bdee4b98863bfe3901c21, type: 3}
      propertyPath: m_LocalEulerAnglesHint.y
      value: 0
      objectReference: {fileID: 0}
    - target: {fileID: -8679921383154817045, guid: 8fc27f40f58bdee4b98863bfe3901c21, type: 3}
      propertyPath: m_LocalEulerAnglesHint.z
      value: 0
      objectReference: {fileID: 0}
    - target: {fileID: -8406018777777694563, guid: 8fc27f40f58bdee4b98863bfe3901c21, type: 3}
      propertyPath: m_Materials.Array.data[0]
      value: 
      objectReference: {fileID: 2100000, guid: af19c034d5cca6542a234e64be4e980a, type: 2}
    - target: {fileID: -7292929305105120875, guid: 8fc27f40f58bdee4b98863bfe3901c21, type: 3}
      propertyPath: m_Materials.Array.data[0]
      value: 
      objectReference: {fileID: 2100000, guid: af19c034d5cca6542a234e64be4e980a, type: 2}
    - target: {fileID: -7232458158392134085, guid: 8fc27f40f58bdee4b98863bfe3901c21, type: 3}
      propertyPath: m_Materials.Array.data[0]
      value: 
      objectReference: {fileID: 2100000, guid: af19c034d5cca6542a234e64be4e980a, type: 2}
    - target: {fileID: -7214000702653163923, guid: 8fc27f40f58bdee4b98863bfe3901c21, type: 3}
      propertyPath: m_Materials.Array.data[0]
      value: 
      objectReference: {fileID: 2100000, guid: af19c034d5cca6542a234e64be4e980a, type: 2}
    - target: {fileID: -7124628334277429979, guid: 8fc27f40f58bdee4b98863bfe3901c21, type: 3}
      propertyPath: m_Materials.Array.data[0]
      value: 
      objectReference: {fileID: 2100000, guid: af19c034d5cca6542a234e64be4e980a, type: 2}
    - target: {fileID: -6502134928840150410, guid: 8fc27f40f58bdee4b98863bfe3901c21, type: 3}
      propertyPath: m_Materials.Array.data[0]
      value: 
      objectReference: {fileID: 2100000, guid: af19c034d5cca6542a234e64be4e980a, type: 2}
    - target: {fileID: -6449639576586687461, guid: 8fc27f40f58bdee4b98863bfe3901c21, type: 3}
      propertyPath: m_Materials.Array.data[0]
      value: 
      objectReference: {fileID: 2100000, guid: af19c034d5cca6542a234e64be4e980a, type: 2}
    - target: {fileID: -4652279884186236147, guid: 8fc27f40f58bdee4b98863bfe3901c21, type: 3}
      propertyPath: m_Materials.Array.data[0]
      value: 
      objectReference: {fileID: 2100000, guid: af19c034d5cca6542a234e64be4e980a, type: 2}
    - target: {fileID: -4065721321790645704, guid: 8fc27f40f58bdee4b98863bfe3901c21, type: 3}
      propertyPath: m_Materials.Array.data[0]
      value: 
      objectReference: {fileID: 2100000, guid: af19c034d5cca6542a234e64be4e980a, type: 2}
    - target: {fileID: -3720326528438544369, guid: 8fc27f40f58bdee4b98863bfe3901c21, type: 3}
      propertyPath: m_Materials.Array.data[0]
      value: 
      objectReference: {fileID: 2100000, guid: af19c034d5cca6542a234e64be4e980a, type: 2}
    - target: {fileID: -3432833237605752964, guid: 8fc27f40f58bdee4b98863bfe3901c21, type: 3}
      propertyPath: m_Materials.Array.data[0]
      value: 
      objectReference: {fileID: 2100000, guid: af19c034d5cca6542a234e64be4e980a, type: 2}
    - target: {fileID: -3186525477652275155, guid: 8fc27f40f58bdee4b98863bfe3901c21, type: 3}
      propertyPath: m_Materials.Array.data[0]
      value: 
      objectReference: {fileID: 2100000, guid: af19c034d5cca6542a234e64be4e980a, type: 2}
    - target: {fileID: -3016042191348335123, guid: 8fc27f40f58bdee4b98863bfe3901c21, type: 3}
      propertyPath: m_Materials.Array.data[0]
      value: 
      objectReference: {fileID: 2100000, guid: af19c034d5cca6542a234e64be4e980a, type: 2}
    - target: {fileID: -2925511484486866891, guid: 8fc27f40f58bdee4b98863bfe3901c21, type: 3}
      propertyPath: m_Materials.Array.data[0]
      value: 
      objectReference: {fileID: 2100000, guid: af19c034d5cca6542a234e64be4e980a, type: 2}
    - target: {fileID: -2066666249343251648, guid: 8fc27f40f58bdee4b98863bfe3901c21, type: 3}
      propertyPath: m_IsActive
      value: 0
      objectReference: {fileID: 0}
    - target: {fileID: -1645551023488808814, guid: 8fc27f40f58bdee4b98863bfe3901c21, type: 3}
      propertyPath: m_Materials.Array.data[0]
      value: 
      objectReference: {fileID: 2100000, guid: af19c034d5cca6542a234e64be4e980a, type: 2}
    - target: {fileID: -1578749045015854187, guid: 8fc27f40f58bdee4b98863bfe3901c21, type: 3}
      propertyPath: m_Materials.Array.data[0]
      value: 
      objectReference: {fileID: 2100000, guid: af19c034d5cca6542a234e64be4e980a, type: 2}
    - target: {fileID: -1348787499060871640, guid: 8fc27f40f58bdee4b98863bfe3901c21, type: 3}
      propertyPath: m_Materials.Array.data[0]
      value: 
      objectReference: {fileID: 2100000, guid: af19c034d5cca6542a234e64be4e980a, type: 2}
    - target: {fileID: 67402097655052222, guid: 8fc27f40f58bdee4b98863bfe3901c21, type: 3}
      propertyPath: m_Materials.Array.data[0]
      value: 
      objectReference: {fileID: 2100000, guid: af19c034d5cca6542a234e64be4e980a, type: 2}
    - target: {fileID: 348842650524237051, guid: 8fc27f40f58bdee4b98863bfe3901c21, type: 3}
      propertyPath: m_Materials.Array.data[0]
      value: 
      objectReference: {fileID: 2100000, guid: af19c034d5cca6542a234e64be4e980a, type: 2}
    - target: {fileID: 437473383731263728, guid: 8fc27f40f58bdee4b98863bfe3901c21, type: 3}
      propertyPath: m_IsActive
      value: 1
      objectReference: {fileID: 0}
    - target: {fileID: 919132149155446097, guid: 8fc27f40f58bdee4b98863bfe3901c21, type: 3}
      propertyPath: m_Name
      value: SM_Bld_House_05 Variant
      objectReference: {fileID: 0}
    - target: {fileID: 1347585199178698902, guid: 8fc27f40f58bdee4b98863bfe3901c21, type: 3}
      propertyPath: m_Materials.Array.data[0]
      value: 
      objectReference: {fileID: 2100000, guid: af19c034d5cca6542a234e64be4e980a, type: 2}
    - target: {fileID: 1375385154953396324, guid: 8fc27f40f58bdee4b98863bfe3901c21, type: 3}
      propertyPath: m_Materials.Array.data[0]
      value: 
      objectReference: {fileID: 2100000, guid: af19c034d5cca6542a234e64be4e980a, type: 2}
    - target: {fileID: 1595672951454337811, guid: 8fc27f40f58bdee4b98863bfe3901c21, type: 3}
      propertyPath: m_Materials.Array.data[0]
      value: 
      objectReference: {fileID: 2100000, guid: af19c034d5cca6542a234e64be4e980a, type: 2}
    - target: {fileID: 1597154374716348137, guid: 8fc27f40f58bdee4b98863bfe3901c21, type: 3}
      propertyPath: m_Materials.Array.data[0]
      value: 
      objectReference: {fileID: 2100000, guid: af19c034d5cca6542a234e64be4e980a, type: 2}
    - target: {fileID: 2409448664134795608, guid: 8fc27f40f58bdee4b98863bfe3901c21, type: 3}
      propertyPath: m_Materials.Array.data[0]
      value: 
      objectReference: {fileID: 2100000, guid: af19c034d5cca6542a234e64be4e980a, type: 2}
    - target: {fileID: 2732328643758674319, guid: 8fc27f40f58bdee4b98863bfe3901c21, type: 3}
      propertyPath: m_Materials.Array.data[0]
      value: 
      objectReference: {fileID: 2100000, guid: af19c034d5cca6542a234e64be4e980a, type: 2}
    - target: {fileID: 2965483836142592428, guid: 8fc27f40f58bdee4b98863bfe3901c21, type: 3}
      propertyPath: m_Materials.Array.data[0]
      value: 
      objectReference: {fileID: 2100000, guid: af19c034d5cca6542a234e64be4e980a, type: 2}
    - target: {fileID: 3216068416697277834, guid: 8fc27f40f58bdee4b98863bfe3901c21, type: 3}
      propertyPath: m_Materials.Array.data[0]
      value: 
      objectReference: {fileID: 2100000, guid: af19c034d5cca6542a234e64be4e980a, type: 2}
    - target: {fileID: 3238965035521097714, guid: 8fc27f40f58bdee4b98863bfe3901c21, type: 3}
      propertyPath: m_Materials.Array.data[0]
      value: 
      objectReference: {fileID: 2100000, guid: af19c034d5cca6542a234e64be4e980a, type: 2}
    - target: {fileID: 3588700075452317247, guid: 8fc27f40f58bdee4b98863bfe3901c21, type: 3}
      propertyPath: m_Materials.Array.data[0]
      value: 
      objectReference: {fileID: 2100000, guid: af19c034d5cca6542a234e64be4e980a, type: 2}
    - target: {fileID: 4475629980456684642, guid: 8fc27f40f58bdee4b98863bfe3901c21, type: 3}
      propertyPath: m_Materials.Array.data[0]
      value: 
      objectReference: {fileID: 2100000, guid: af19c034d5cca6542a234e64be4e980a, type: 2}
    - target: {fileID: 4750752143018816961, guid: 8fc27f40f58bdee4b98863bfe3901c21, type: 3}
      propertyPath: m_Materials.Array.data[0]
      value: 
      objectReference: {fileID: 2100000, guid: af19c034d5cca6542a234e64be4e980a, type: 2}
    - target: {fileID: 4929874369416624503, guid: 8fc27f40f58bdee4b98863bfe3901c21, type: 3}
      propertyPath: m_Materials.Array.data[0]
      value: 
      objectReference: {fileID: 2100000, guid: af19c034d5cca6542a234e64be4e980a, type: 2}
    - target: {fileID: 5269115190954288413, guid: 8fc27f40f58bdee4b98863bfe3901c21, type: 3}
      propertyPath: m_Materials.Array.data[0]
      value: 
      objectReference: {fileID: 2100000, guid: af19c034d5cca6542a234e64be4e980a, type: 2}
    - target: {fileID: 5276289309459323566, guid: 8fc27f40f58bdee4b98863bfe3901c21, type: 3}
      propertyPath: m_Materials.Array.data[0]
      value: 
      objectReference: {fileID: 2100000, guid: af19c034d5cca6542a234e64be4e980a, type: 2}
    - target: {fileID: 6654701095301707830, guid: 8fc27f40f58bdee4b98863bfe3901c21, type: 3}
      propertyPath: m_Materials.Array.data[0]
      value: 
      objectReference: {fileID: 2100000, guid: af19c034d5cca6542a234e64be4e980a, type: 2}
    - target: {fileID: 6903845259987672161, guid: 8fc27f40f58bdee4b98863bfe3901c21, type: 3}
      propertyPath: m_Materials.Array.data[0]
      value: 
      objectReference: {fileID: 2100000, guid: af19c034d5cca6542a234e64be4e980a, type: 2}
    - target: {fileID: 7836823514110989957, guid: 8fc27f40f58bdee4b98863bfe3901c21, type: 3}
      propertyPath: m_Materials.Array.data[0]
      value: 
      objectReference: {fileID: 2100000, guid: af19c034d5cca6542a234e64be4e980a, type: 2}
    - target: {fileID: 7980236151035276104, guid: 8fc27f40f58bdee4b98863bfe3901c21, type: 3}
      propertyPath: m_Materials.Array.data[0]
      value: 
      objectReference: {fileID: 2100000, guid: af19c034d5cca6542a234e64be4e980a, type: 2}
    m_RemovedComponents: []
  m_SourcePrefab: {fileID: 100100000, guid: 8fc27f40f58bdee4b98863bfe3901c21, type: 3}
--- !u!1 &2113511573281681576 stripped
GameObject:
  m_CorrespondingSourceObject: {fileID: -5520364074046067470, guid: 8fc27f40f58bdee4b98863bfe3901c21, type: 3}
  m_PrefabInstance: {fileID: 3330140948872453210}
  m_PrefabAsset: {fileID: 0}
--- !u!1 &4051562756113135888 stripped
GameObject:
  m_CorrespondingSourceObject: {fileID: 1588929889335321930, guid: 8fc27f40f58bdee4b98863bfe3901c21, type: 3}
  m_PrefabInstance: {fileID: 3330140948872453210}
  m_PrefabAsset: {fileID: 0}
--- !u!1 &341760389898824914 stripped
GameObject:
  m_CorrespondingSourceObject: {fileID: -6158350543510982520, guid: 8fc27f40f58bdee4b98863bfe3901c21, type: 3}
  m_PrefabInstance: {fileID: 3330140948872453210}
  m_PrefabAsset: {fileID: 0}
--- !u!1 &1059057098538631023 stripped
GameObject:
  m_CorrespondingSourceObject: {fileID: -6879935224016903371, guid: 8fc27f40f58bdee4b98863bfe3901c21, type: 3}
  m_PrefabInstance: {fileID: 3330140948872453210}
  m_PrefabAsset: {fileID: 0}
--- !u!1 &1851576699366372065 stripped
GameObject:
  m_CorrespondingSourceObject: {fileID: 4000628849918947003, guid: 8fc27f40f58bdee4b98863bfe3901c21, type: 3}
  m_PrefabInstance: {fileID: 3330140948872453210}
  m_PrefabAsset: {fileID: 0}
--- !u!1 &7327205782727696694 stripped
GameObject:
  m_CorrespondingSourceObject: {fileID: 5447243773931847020, guid: 8fc27f40f58bdee4b98863bfe3901c21, type: 3}
  m_PrefabInstance: {fileID: 3330140948872453210}
  m_PrefabAsset: {fileID: 0}
--- !u!1 &8946049816013005800 stripped
GameObject:
  m_CorrespondingSourceObject: {fileID: 5913729218254028722, guid: 8fc27f40f58bdee4b98863bfe3901c21, type: 3}
  m_PrefabInstance: {fileID: 3330140948872453210}
  m_PrefabAsset: {fileID: 0}
--- !u!1 &5258492459011452060 stripped
GameObject:
  m_CorrespondingSourceObject: {fileID: 7408107525661585606, guid: 8fc27f40f58bdee4b98863bfe3901c21, type: 3}
  m_PrefabInstance: {fileID: 3330140948872453210}
  m_PrefabAsset: {fileID: 0}
--- !u!1 &4094297414466526651 stripped
GameObject:
  m_CorrespondingSourceObject: {fileID: -7573132340095516191, guid: 8fc27f40f58bdee4b98863bfe3901c21, type: 3}
  m_PrefabInstance: {fileID: 3330140948872453210}
  m_PrefabAsset: {fileID: 0}
--- !u!1 &2704863789514844766 stripped
GameObject:
  m_CorrespondingSourceObject: {fileID: -8377096879667726844, guid: 8fc27f40f58bdee4b98863bfe3901c21, type: 3}
  m_PrefabInstance: {fileID: 3330140948872453210}
  m_PrefabAsset: {fileID: 0}
--- !u!1 &941080959593421286 stripped
GameObject:
  m_CorrespondingSourceObject: {fileID: 2537898963058902460, guid: 8fc27f40f58bdee4b98863bfe3901c21, type: 3}
  m_PrefabInstance: {fileID: 3330140948872453210}
  m_PrefabAsset: {fileID: 0}
--- !u!1 &8127530159146820559 stripped
GameObject:
  m_CorrespondingSourceObject: {fileID: 6844838195717095317, guid: 8fc27f40f58bdee4b98863bfe3901c21, type: 3}
  m_PrefabInstance: {fileID: 3330140948872453210}
  m_PrefabAsset: {fileID: 0}
--- !u!1 &3741298402578893782 stripped
GameObject:
  m_CorrespondingSourceObject: {fileID: 2151817509344761740, guid: 8fc27f40f58bdee4b98863bfe3901c21, type: 3}
  m_PrefabInstance: {fileID: 3330140948872453210}
  m_PrefabAsset: {fileID: 0}
--- !u!1 &6685401675796983815 stripped
GameObject:
  m_CorrespondingSourceObject: {fileID: -941154552170124195, guid: 8fc27f40f58bdee4b98863bfe3901c21, type: 3}
  m_PrefabInstance: {fileID: 3330140948872453210}
  m_PrefabAsset: {fileID: 0}
--- !u!1 &1061913969122661059 stripped
GameObject:
  m_CorrespondingSourceObject: {fileID: -6878222945188933991, guid: 8fc27f40f58bdee4b98863bfe3901c21, type: 3}
  m_PrefabInstance: {fileID: 3330140948872453210}
  m_PrefabAsset: {fileID: 0}
--- !u!1 &6927458345986591127 stripped
GameObject:
  m_CorrespondingSourceObject: {fileID: -3597163182006807091, guid: 8fc27f40f58bdee4b98863bfe3901c21, type: 3}
  m_PrefabInstance: {fileID: 3330140948872453210}
  m_PrefabAsset: {fileID: 0}
--- !u!1 &4541415969153027928 stripped
GameObject:
  m_CorrespondingSourceObject: {fileID: -7984512361314561278, guid: 8fc27f40f58bdee4b98863bfe3901c21, type: 3}
  m_PrefabInstance: {fileID: 3330140948872453210}
  m_PrefabAsset: {fileID: 0}
--- !u!1 &6127814166328269697 stripped
GameObject:
  m_CorrespondingSourceObject: {fileID: 8880349732587440091, guid: 8fc27f40f58bdee4b98863bfe3901c21, type: 3}
  m_PrefabInstance: {fileID: 3330140948872453210}
  m_PrefabAsset: {fileID: 0}
--- !u!1 &2722191617776639733 stripped
GameObject:
  m_CorrespondingSourceObject: {fileID: -8363145655457611089, guid: 8fc27f40f58bdee4b98863bfe3901c21, type: 3}
  m_PrefabInstance: {fileID: 3330140948872453210}
  m_PrefabAsset: {fileID: 0}
--- !u!1 &8107460892902031903 stripped
GameObject:
  m_CorrespondingSourceObject: {fileID: -2399163824507036091, guid: 8fc27f40f58bdee4b98863bfe3901c21, type: 3}
  m_PrefabInstance: {fileID: 3330140948872453210}
  m_PrefabAsset: {fileID: 0}
--- !u!1 &7494352485535581660 stripped
GameObject:
  m_CorrespondingSourceObject: {fileID: 5059302065817016710, guid: 8fc27f40f58bdee4b98863bfe3901c21, type: 3}
  m_PrefabInstance: {fileID: 3330140948872453210}
  m_PrefabAsset: {fileID: 0}
--- !u!1 &7786354883960325356 stripped
GameObject:
  m_CorrespondingSourceObject: {fileID: -4451323279179573066, guid: 8fc27f40f58bdee4b98863bfe3901c21, type: 3}
  m_PrefabInstance: {fileID: 3330140948872453210}
  m_PrefabAsset: {fileID: 0}
--- !u!1 &5903004388085987599 stripped
GameObject:
  m_CorrespondingSourceObject: {fileID: 9213422262985270613, guid: 8fc27f40f58bdee4b98863bfe3901c21, type: 3}
  m_PrefabInstance: {fileID: 3330140948872453210}
  m_PrefabAsset: {fileID: 0}
--- !u!1 &1578384531392634126 stripped
GameObject:
  m_CorrespondingSourceObject: {fileID: -4913280052358594220, guid: 8fc27f40f58bdee4b98863bfe3901c21, type: 3}
  m_PrefabInstance: {fileID: 3330140948872453210}
  m_PrefabAsset: {fileID: 0}
--- !u!1 &7962741118846742201 stripped
GameObject:
  m_CorrespondingSourceObject: {fileID: -4560352743674875165, guid: 8fc27f40f58bdee4b98863bfe3901c21, type: 3}
  m_PrefabInstance: {fileID: 3330140948872453210}
  m_PrefabAsset: {fileID: 0}
--- !u!1 &9038816560362771192 stripped
GameObject:
  m_CorrespondingSourceObject: {fileID: 6000864298271837858, guid: 8fc27f40f58bdee4b98863bfe3901c21, type: 3}
  m_PrefabInstance: {fileID: 3330140948872453210}
  m_PrefabAsset: {fileID: 0}
--- !u!1 &2892786733386769578 stripped
GameObject:
  m_CorrespondingSourceObject: {fileID: 437473383731263728, guid: 8fc27f40f58bdee4b98863bfe3901c21, type: 3}
  m_PrefabInstance: {fileID: 3330140948872453210}
  m_PrefabAsset: {fileID: 0}
--- !u!1 &9059688871825170986 stripped
GameObject:
  m_CorrespondingSourceObject: {fileID: 6020594221431701104, guid: 8fc27f40f58bdee4b98863bfe3901c21, type: 3}
  m_PrefabInstance: {fileID: 3330140948872453210}
  m_PrefabAsset: {fileID: 0}
--- !u!1 &2144225941503137946 stripped
GameObject:
  m_CorrespondingSourceObject: {fileID: -5478950353913346880, guid: 8fc27f40f58bdee4b98863bfe3901c21, type: 3}
  m_PrefabInstance: {fileID: 3330140948872453210}
  m_PrefabAsset: {fileID: 0}
--- !u!1 &2046017163099727313 stripped
GameObject:
  m_CorrespondingSourceObject: {fileID: 3626488731641264523, guid: 8fc27f40f58bdee4b98863bfe3901c21, type: 3}
  m_PrefabInstance: {fileID: 3330140948872453210}
  m_PrefabAsset: {fileID: 0}
--- !u!1 &6610735808342712316 stripped
GameObject:
  m_CorrespondingSourceObject: {fileID: 8469305787762508710, guid: 8fc27f40f58bdee4b98863bfe3901c21, type: 3}
  m_PrefabInstance: {fileID: 3330140948872453210}
  m_PrefabAsset: {fileID: 0}
--- !u!1 &3073571281491775734 stripped
GameObject:
  m_CorrespondingSourceObject: {fileID: -8894453926419592020, guid: 8fc27f40f58bdee4b98863bfe3901c21, type: 3}
  m_PrefabInstance: {fileID: 3330140948872453210}
  m_PrefabAsset: {fileID: 0}
--- !u!1 &3845655294250149103 stripped
GameObject:
  m_CorrespondingSourceObject: {fileID: -7248109765674977099, guid: 8fc27f40f58bdee4b98863bfe3901c21, type: 3}
  m_PrefabInstance: {fileID: 3330140948872453210}
  m_PrefabAsset: {fileID: 0}
--- !u!1 &5577339193947658010 stripped
GameObject:
  m_CorrespondingSourceObject: {fileID: -2066666249343251648, guid: 8fc27f40f58bdee4b98863bfe3901c21, type: 3}
  m_PrefabInstance: {fileID: 3330140948872453210}
  m_PrefabAsset: {fileID: 0}
--- !u!1 &6967411754310031246 stripped
GameObject:
  m_CorrespondingSourceObject: {fileID: 5658264544263375828, guid: 8fc27f40f58bdee4b98863bfe3901c21, type: 3}
  m_PrefabInstance: {fileID: 3330140948872453210}
  m_PrefabAsset: {fileID: 0}
--- !u!1 &7588142532033726252 stripped
GameObject:
  m_CorrespondingSourceObject: {fileID: 5150278358879247222, guid: 8fc27f40f58bdee4b98863bfe3901c21, type: 3}
  m_PrefabInstance: {fileID: 3330140948872453210}
  m_PrefabAsset: {fileID: 0}
--- !u!1 &7304434005842376776 stripped
GameObject:
  m_CorrespondingSourceObject: {fileID: -3789328786793503726, guid: 8fc27f40f58bdee4b98863bfe3901c21, type: 3}
  m_PrefabInstance: {fileID: 3330140948872453210}
  m_PrefabAsset: {fileID: 0}
--- !u!1 &9122386561771900303 stripped
GameObject:
  m_CorrespondingSourceObject: {fileID: -3409731027140062763, guid: 8fc27f40f58bdee4b98863bfe3901c21, type: 3}
  m_PrefabInstance: {fileID: 3330140948872453210}
  m_PrefabAsset: {fileID: 0}
--- !u!1 &1100038968854782522 stripped
GameObject:
  m_CorrespondingSourceObject: {fileID: -6813077545854206368, guid: 8fc27f40f58bdee4b98863bfe3901c21, type: 3}
  m_PrefabInstance: {fileID: 3330140948872453210}
  m_PrefabAsset: {fileID: 0}
--- !u!1 &4311371163888954877 stripped
GameObject:
  m_CorrespondingSourceObject: {fileID: -7646522040715775577, guid: 8fc27f40f58bdee4b98863bfe3901c21, type: 3}
  m_PrefabInstance: {fileID: 3330140948872453210}
  m_PrefabAsset: {fileID: 0}
--- !u!1 &4525407821688163845 stripped
GameObject:
  m_CorrespondingSourceObject: {fileID: -7999954367145242017, guid: 8fc27f40f58bdee4b98863bfe3901c21, type: 3}
  m_PrefabInstance: {fileID: 3330140948872453210}
  m_PrefabAsset: {fileID: 0}
